2272 3025
1051 301 1111 346 15

311 403 434 446 idem
466 404 603 446 de-eo
633 403 912 445 iudicaturos
946 417 1043 445 esse
1076 402 1300 453 confidat,
1342 402 1481 444 modo
1525 402 1682 446 eadem
1721 418 1825 449 cum

310 485 411 543 ipso
451 486 522 529 via
565 486 620 528 ad
661 486 795 528 istam
836 482 1177 540 persuasionem
1225 481 1396 525 fuerint
1438 484 1656 535 adducti?
1715 491 1823 539 Aut,

306 567 345 610 si
376 568 493 611 nihil
528 567 763 619 universe,
797 579 912 607 num
941 579 1025 609 nec
1058 566 1113 607 de
1152 565 1320 609 virtute
1360 574 1438 605 aut
1477 567 1527 607 in
1567 568 1823 622 Geomvetria

306 649 520 692 omnibus
563 648 684 689 ider‘n
708 647 897 704 'putabit
926 648 1176 690 necessario
1209 660 1305 690 esse
1343 646 1668 690 iudicandum?
1719 653 1822 695 Imo

302 729 352 769 in
385 728 457 769 his
501 739 546 770 et
585 729 691 770 licet
730 729 935 784 Sceptico
976 730 1130 771 eadem
1171 744 1275 771 cum
1316 730 1594 785 Dogmaticis
1636 730 1819 782 sentire,

303 821 347 851 et
386 811 522 852 multi
561 810 769 853 universe
811 812 1189 867 pronuntiarunt3
1232 821 1528 867 pernegantes
1567 811 1704 852 modo
1739 811 1820 862 doe

303 891 390 935 ceri
422 905 579 948 posse,
612 891 734 949 quod
765 891 851 934 ista
887 890 1454 947 universe-necessarioque
1476 889 1692 932 affirmata
1715 906 1820 934 cum

301 989 452 1015 rerum
484 983 644 1015 natura
666 987 781 1029 ⁶vere
814 973 1090 1015 conveniant
1110 977 1160 1027 τι).
1225 976 1390 1016 Verum
1411 986 1495 1013 nec
1526 973 1677 1027 ipsum
1714 974 1819 1013 Sex-

301 1065 400 1096 tum
430 1056 511 1095 hac
543 1054 592 1094 in
626 1069 673 1095 re
698 1055 802 1096 satis
836 1054 1025 1110 probare
1065 1068 1330 1111 possumus,
1365 1068 1500 1110 quem
1533 1062 1711 1095 constat
1747 1052 1818 1094 in-

299 1146 367 1179 ter
400 1133 550 1191 plures
584 1135 863 1191 Scepticismi
895 1135 1219 1192 descriptiones
1260 1136 1349 1177 hoc
1395 1134 1532 1177 etiam
1563 1133 1815 1187 tradidisse,

301 1217 557 1273 Scepticum
589 1231 842 1274 numquam
862 1216 985 1259 aliud
1007 1231 1144 1274 quam
1173 1229 1229 1259 το
1263 1213 1442 1261 ἑαυτου
1479 1216 1631 1267 meos
1664 1231 1816 1274 απαγ-

302 1297 480 1355 γελλειυ
502 1300 562 1348 v),
614 1299 657 1337 h.
694 1313 729 1338 e.
764 1312 859 1338 eam
904 1308 1083 1338 tantum
1123 1299 1347 1340 rationem
1384 1297 1632 1339 iudicando
1675 1296 1817 1352 expli-

303 1393 421 1428 care,
454 1393 541 1433 qua
563 1378 722 1429 rebus,
756 1392 867 1433 quae
900 1388 1022 1419 extra
1066 1392 1170 1420 eum
1210 1377 1386 1433 positae
1427 1377 1677 1429 videantur,
1719 1376 1812 1420 iam

300 1459 358 1501 sit
401 1455 595 1501 affectus.
679 1458 852 1516 Quibus
892 1458 1039 1502 verbis
1081 1459 1121 1500 si
1163 1458 1414 1515 Scepticum
1456 1457 1814 1515 philosophandi

296 1539 483 1582 modum
520 1539 708 1581 definire
745 1540 974 1592 voluisset,
1007 1540 1094 1582 hoc
1126 1538 1326 1590 dixisset,
1360 1540 1585 1596 Scepticos
1624 1540 1676 1581 in
1719 1540 1813 1582 suis

296 1620 660 1678 perceptionibus
694 1621 994 1678 acquiescere,
1026 1627 1187 1676 parum
1220 1621 1426 1663 curiosos
1466 1637 1581 1664 num
1622 1636 1697 1664 eae
1735 1636 1810 1663 ve-

295 1718 368 1745 rae
402 1703 494 1744 sint
526 1717 609 1744 nec
647 1717 719 1745 ne.
780 1707 820 1744 A
841 1718 926 1759 qua
960 1701 1182 1746 sententia
1224 1705 1411 1744 Sextum
1451 1702 1605 1759 ipsum
1646 1703 1809 1745 abhor-

299 1785 462 1836 ruisse,
494 1782 623 1825 facile
666 1784 877 1840 deinceps
921 1782 1006 1825 erit
1047 1783 1311 1833 ostendere3
1354 1784 1534 1826 homini
1574 1799 1671 1827 eam
1708 1799 1806 1841 pro*

355 2024 393 2062 n)
431 2022 624 2054 Audiamus
662 2025 897 2054 Pummvn
933 2022 958 2054 l.
995 2022 1021 2059 l,

292 2084 370 2118 pag.
388 2072 459 2112 362
479 2085 486 2103 ι
517 2073 582 2105 Die
597 2072 770 2115 Skeptiker
781 2072 938 2115 gostehen
956 2074 1021 2104 das

293 2125 435 2167 Duseyn
462 2123 520 2155 der
545 2135 676 2166 ganzon
700 2124 941 2156 menschlichen
963 2125 1022 2155 Er-

295 2174 464 2218 kenntm’ss
480 2187 542 2210 zu,-
570 2188 631 2206 nur
645 2176 765 2207 wollen
789 2176 838 2208 sie
866 2176 937 2208 sich
953 2187 1020 2206 von

296 2226 361 2258 den
395 2226 651 2272 Vorftellungen
685 2225 801 2259 keinen
831 2226 1023 2265 objektr'ven

296 2279 473 2312 Gehrazich
496 2278 661 2311 orlauben.
712 2279 779 2310 Sed
808 2289 852 2310 ne
884 2278 922 2310 in
949 2278 1022 2322 ipsa

297 2329 437 2373 quidem
468 2330 539 2362 vita
562 2330 732 2375 Scepticos
749 2330 945 2377 dogmatice
972 2341 1023 2362 as·

298 2381 425 2414 sentire
442 2381 613 2429 voluisse,
650 2390 822 2417 monstrat
847 2382 944 2415 Sexti
956 2387 1022 2424 ’,με-

1077 2029 1275 2067 τριοπαέεια
1304 2038 1335 2056 εν
1361 2038 1430 2063 τοις
1455 2034 1804 2067 κατηναγκασμενοις,

1077 2075 1110 2108 Ρ.
1133 2076 1177 2110 Η.
1199 2077 1227 2116 1,
1261 2085 1317 2111 12.
1362 2075 1457 2117 (vid.
1491 2076 1599 2110 Hent.
1636 2072 1804 2118 Stephani

1073 2134 1155 2156 nota
1177 2126 1221 2156 ad
1248 2124 1285 2157 li.
1315 2125 1362 2171 l.)
1411 2135 1444 2157 et
1476 2126 1520 2158 L.
1544 2127 1615 2159 111,
1653 2128 1684 2169 §.
1710 2134 1804 2166 235:

1075 2188 1106 2207 εν
1134 2189 1201 2212 τοις
1228 2189 1553 2216 κατηνανκασμενοις
1577 2176 1803 2215 ὃΣκεπτ-ικος

1075 2231 1304 2270 'tempiset-affin·
1333 2232 1405 2267 (και
1428 2241 1527 2259 τουτο
1552 2228 1629 2270 μεν)
1653 2242 1699 2269 μη
1711 2241 1806 2272 προς·

1076 2277 1232 2320 ὃοξαζων,
1262 2279 1309 2312 ὁτι
1327 2293 1427 2313 τουτο
1449 2280 1462 2312 ὁ
1479 2292 1608 2324 πασχει
1636 2294 1740 2314 κακον
1756 2294 1804 2321 εςι

1077 2333 1190 2371 φυσει.

1126 2384 1167 2430 ν)
1190 2381 1318 2427 Pyrrh.
1347 2384 1447 2430 Hyp5
1471 2384 1515 2419 L.
1532 2386 1562 2423 1,
1590 2394 1621 2419 c.
1634 2393 1670 2426 7.
1687 2393 1775 2422 κει-,ο
