2272 3025
1096 337 1163 384 ὄλ

375 449 507 498 atque
529 440 703 493 realem,
737 441 881 484 donec
913 440 1077 497 aliquis
1106 440 1195 496 ipsi
1226 441 1491 492 ostenderet,
1526 452 1621 482 sese
1643 440 1790 484 aiebat
1808 444 1878 487 in·-

371 523 569 579 telligere
599 536 695 563 non
734 536 878 578 posse,
912 520 992 563 sed
1013 524 1101 562 usui
1119 523 1445 574 etjconsuetudini
1466 521 1754 566 tribuendam
1782 540 1877 568 esse

371 604 658 645 communem
682 603 926 644 hominum
947 601 1314 657 persuasionem,
1347 602 1470 657 quod
1487 602 1655 644 scilicet
1678 606 1875 664 cogitata

369 698 474 726 cum
494 684 626 726 rebus
652 693 953 742 congruerent
984 683 1013 725 i.
1046 698 1081 725 e.
1114 700 1206 740 uera
1240 693 1403 725 essent.
1468 684 1605 726 Cuius
1631 686 1731 742 fidei
1758 704 1875 745 expe-

366 768 531 807 rientiae
551 767 708 808 habitae
730 780 834 807 cum
857 750 1210 807 fundamentum
1242 775 1413 807 certum
1442 766 1876 822 nullibi'exsisteret,

367 859 464 886 non
507 847 657 887 solum
699 847 843 888 aiebat
885 846 983 887 ficri
1024 856 1098 896 ut,
1140 846 1318 902 quoties
1351 859 1407 886 ex
1441 861 1524 887 usu
1556 858 1600 887 et
1632 863 1687 889 ex
1718 851 1879 893 ordine

366 921 710 982 perceptionum
758 928 994 983 hucusque
1046 925 1284 968 observato
1343 925 1658 982 imprudenter
1706 929 1878 985 aliquid

367 1007 706 1064 colligeremus,
739 1007 1019 1059 falleremur,
1056 1007 1133 1048 sed
1164 1006 1362 1063 intelligi
1395 1005 1555 1057 etiam,
1590 1020 1760 1049 vanum
1782 1023 1879 1052 esse

367 1088 561 1143 quodvis
612 1104 856 1141 conamen,
910 1103 1000 1145 quo
1042 1102 1223 1129 causam
1267 1087 1423 1128 firmae
1472 1090 1778 1143 persuasionis
1823 1105 1879 1133 ex

366 1168 511 1224 ipsius
545 1160 710 1212 obiecti
740 1167 901 1212 natura
933 1170 1154 1225 explicare
1179 1169 1458 1211 auderemus.
1521 1172 1708 1211 Temere
1738 1170 1880 1229 igitur

366 1251 589 1307 quidquid
622 1249 856 1303 affirmari,
889 1251 928 1293 si
959 1250 1025 1293 rei
1055 1259 1265 1292 naturam
1296 1249 1590 1306 persuasione
1621 1259 1700 1293 tua
1729 1261 1791 1299 te¹
1812 1266 1881 1294 re-

365 1329 523 1372 tulisse
556 1339 599 1370 et
631 1329 899 1386 expressisse
931 1330 1174 1371 existimes.

490 1414 633 1467 Quam
665 1410 754 1451 viri
785 1411 1022 1452 clarissimi
1053 1408 1327 1453 sententiam
1359 1407 1516 1460 fuisse,
1550 1409 1672 1450 haud
1693 1408 1879 1452 difficile

348 1487 451 1532 'erit
483 1506 537 1533 ex
567 1490 640 1543 iis,
675 1503 787 1547 quae
808 1492 968 1547 scripta
996 1491 1191 1547 reliquit,
1223 1490 1544 1533 demonstrare.
1608 1491 1875 1550 Etsilenim,

365 1580 417 1610 ut
458 1571 606 1612 solent
648 1572 862 1627 Sceptici,
902 1586 999 1613 non
1043 1571 1209 1628 ubique
1253 1571 1407 1612 eadem
1442 1571 1716 1613 sententiam
1748 1586 1878 1614 suam

365 1651 622 1707 exponendi
663 1651 848 1708 eiusque
894 1666 1045 1693 causas
1086 1652 1341 1707 explicandi
1373 1652 1550 1692 ratione
1582 1666 1715 1702 usus,
1759 1666 1878 1694 non-

363 1744 616 1786 numquam
652 1746 700 1773 ea
735 1732 937 1786 scripsit,
969 1746 1082 1787 quae
1112 1732 1186 1773 vel
1216 1730 1582 1786 antiquissimam
1613 1731 1875 1784 Pyrrhonis,

366 1824 424 1851 ne
457 1810 606 1852 dicam
638 1811 966 1866 Sophistarum,
1001 1811 1286 1866 disciplinam
1319 1807 1471 1852 oleant
1487 1812 1543 1863 p),
1574 1811 1649 1853 vel
1681 1812 1737 1852 ad
1771 1813 1876 1853 alte-

413 1994 452 2035 p)
488 1991 617 2035 Essays
635 1989 706 2022 and
726 1991 879 2022 treatises
901 2001 947 2023 on
967 1989 1097 2022 several
1140 1982 1380 2035 '„reasoning;
1401 2011 1410 2021 .
1432 2011 1443 2022 .
1475 2014 1483 2022 .
1514 1987 1573 2021 the
1590 1988 1676 2032 only
1694 1989 1875 2021 differ-enee

365 2041 509 2079 subjaces
523 2064 534 2080 ,
561 2042 608 2082 by
628 2041 744 2071 David
768 2043 875 2071 flama
897 2041 983 2081 Esq.
1031 2041 1096 2072 Ba·
1148 2039 1255 2076 „then
1277 2041 1325 2075 is.
1355 2040 1429 2072 that
1443 2039 1501 2072 the
1520 2041 1670 2083 Scepdc,
1700 2040 1786 2072 from
1815 2040 1874 2072 ha·

365 2089 423 2123 sil.
450 2096 557 2134 ¹793·
587 2102 612 2135 4
630 2089 704 2122 vol.
738 2097 772 2129 8.
827 2087 909 2122 vol.
931 2088 994 2124 IV,
1012 2100 1091 2134 pag.
1146 2089 1240 2125 „bit,
1269 2090 1402 2132 caprice
1426 2101 1467 2121 or
1486 2089 1712 2126 inclinatiou,
1751 2090 1874 2123 insius

367 2143 453 2174 206.
491 2140 528 2170 in
560 2149 659 2171 nota:
713 2161 733 2174 ‚,
748 2141 778 2168 It
804 2150 911 2171 seems
940 2137 1092 2174 evident.
1146 2148 1259 2184 „most
1272 2150 1316 2171 on
1334 2139 1392 2171 the
1408 2137 1626 2175 difficulties;
1649 2140 1875 2186 theDogma·

366 2191 465 2228 „that
475 2190 533 2222 the
546 2190 684 2234 disputo
699 2189 855 2221 between
876 2189 934 2221 the
943 2189 1092 2233 Sceptics
1143 2189 1250 2225 .‚tist‚
1271 2189 1325 2221 for
1345 2188 1417 2220 like
1433 2201 1592 2226 reasons,
1617 2201 1662 2222 on
1680 2190 1738 2222 the
1755 2202 1877 2224 neces·

324 2270 327 2272 ,
367 2242 459 2278 „aud
485 2241 700 2284 Dogmatists
729 2240 760 2272 is
789 2239 938 2281 entirely
958 2239 1092 2281 verbal,
1145 2240 1280 2282 ‚,sity.“
1314 2241 1409 2271 Haec
1425 2251 1495 2272 non
1510 2250 1656 2284 possunt
1676 2252 1755 2273 cum
1783 2242 1862 2275 aliis

366 2305 435 2330 „vor
456 2301 490 2324 at
509 2291 593 2324 least
607 2290 744 2337 regards
764 2289 848 2334 only
875 2289 933 2323 the
953 2290 1092 2338 degrees
1144 2302 1232 2335 quae
1267 2289 1357 2322 idem
1385 2289 1441 2323 vir
1467 2290 1509 2323 de
1536 2292 1690 2336 Scepticn
1721 2287 1876 2338 philoso'

367 2343 433 2379 „of
445 2343 554 2376 doubt
576 2343 640 2374 and
662 2353 860 2378 assurauce.
889 2342 1011 2375 which
1038 2354 1093 2375 wo
1144 2342 1225 2387 plna
1258 2342 1420 2386 scripsit,
1447 2341 1637 2389 coniungi,
1674 2344 1746 2376 nisi
1763 2331 1878 2377 suma.

365 2394 502 2439 „ought
522 2404 556 2427 to
575 2392 718 2443 indulge
737 2392 829 2429 with
845 2393 969 2442 regard
990 2402 1026 2429 to
1043 2392 1093 2428 au
1135 2402 1239 2438 eum,
1268 2393 1351 2427 dum
1369 2392 1454 2426 hacc
1471 2394 1660 2440 scripserit,
1673 2395 1782 2441 ipsius
1797 2384 1878 2454 sua:
