2272 3025
1065 308 1121 339 11

336 420 389 448 su
412 405 622 449 strictiori
645 410 684 457 n)
725 405 799 448 vel
827 404 1165 454 Idealistarum,
1200 404 1287 460 ¹vel
1332 404 1480 446 simile
1524 419 1696 448 nomen
1736 407 1853 449 indi-

1203 462 1209 479 l

335 498 436 530 tum
468 499 546 531 est.

333 570 420 611 tice
470 569 783 627 philosophari
823 582 1086 618 censemus,
1143 581 1292 623 neque
1332 567 1381 608 id
1420 568 1756 625 improbantes,
1799 581 1852 613 ut

611 491 779 531 Omnes
813 496 990 538 autem,
1021 500 1108 528 nec
1150 499 1247 527 non
1283 500 1368 527 nos
1410 487 1533 543 ipsos
1559 490 1622 542 0),
1668 487 1853 548 dogma-

330 652 454 707 quod
471 651 569 705 ipsa
600 649 717 691 ferat
747 652 933 691 naturae
965 650 1189 692 humanae
1220 648 1475 692 necessitas.

326 732 436 774 inde
469 741 550 786 est,
583 746 671 787 qua
703 731 922 773 methodo
959 729 1118 787 aliquis
1160 730 1212 772 in
1268 730 1635 788 philosophando
1678 743 1849 776 utatur.

326 815 535 856 Perversa
568 812 688 854 enim
724 812 845 854 haud
884 811 1020 853 dubie
1062 826 1219 853 eorum
1263 812 1376 853 ratio
1419 823 1510 862 est,
1563 814 1642 869 qui
1679 815 1850 856 nolunt

1540 654 1600 693 At
1629 664 1726 693 non
1750 666 1850 709 per-

326 892 380 935 ab
413 895 619 936 examine
652 894 808 936 critico
841 894 1037 937 rationis
1069 894 1296 935 humanae
1332 892 1473 934 ordiri
1486 898 1501 944 ,'
1533 903 1666 950 atque
1698 896 1761 937 sio
1790 897 1847 938 ad

323 985 440 1017 recte
474 976 528 1017 de
559 976 852 1033 philosophia
882 969 1026 1033 deque
1058 975 1161 1031 ipso
1195 974 1349 1016 animo
1395 975 1691 1018 statuendum
1723 992 1846 1033 prae-

321 1057 483 1113 parari.
547 1061 712 1100 Verum
743 1072 822 1099 cur
852 1058 1152 1114 philosophus
1188 1056 1378 1098 Criticus
1406 1067 1603 1114 nequeat
1634 1057 1733 1100 iure
1755 1075 1840 1106 suo

321 1136 572 1195 dogmatice
604 1138 802 1190 versari,
834 1139 973 1181 modo
1007 1148 1162 1180 contra
1197 1138 1451 1194 Scepticam
1481 1138 1703 1184 rationem
1738 1157 1842 1186 oau-

319 1231 416 1260 sam
451 1234 579 1261 suam
614 1219 836 1262 sustinere
866 1219 999 1270 sciat,
1031 1220 1161 1260 nullo
1194 1228 1326 1275 pacto
1369 1219 1684 1276 intelligimus,
1728 1227 1842 1281 quin
1877 1252 1882 1255 ,

315 1298 436 1343 bona
469 1301 641 1343 censeri
672 1301 786 1344 ratio
817 1299 1110 1359 Dogmatica‚
1142 1299 1233 1342 nisi
1264 1298 1415 1342 critica
1444 1301 1663 1345 methodo
1693 1315 1840 1361 utens,

317 1395 415 1425 non
450 1392 615 1437 potest.
688 1383 748 1424 At
787 1397 893 1426 vero
940 1396 1025 1423 nec
1064 1382 1141 1423 ille
1182 1372 1331 1423 soluni
1375 1382 1656 1439 dogmaticus
1688 1389 1839 1443 appel.

317 1463 482 1506 landus
527 1475 620 1516 est,
666 1465 744 1521 qui
800 1465 986 1520 (mirum
1000 1461 1030 1514 ἔ)
1083 1471 1438 1505 extra-mentem
1468 1477 1562 1506 rem
1593 1466 1839 1524 cogitatam

315 1542 493 1598 iisdem,
524 1546 773 1587 secundum
806 1559 916 1602 quas
949 1543 1193 1601 cogitatur,
1227 1543 1352 1585 notis
1384 1544 1652 1588 instructam
1684 1549 1838 1593 adesse

314 1626 547 1682 opinatur,
588 1627 665 1668 sed
707 1625 960 1682 cuicunque
1011 1639 1276 1680 persuasum
1320 1636 1409 1676 est,
1452 1641 1546 1669 esse
1598 1629 1767 1684 aliquid
1808 1647 1834 1674 a

315 1807 403 1835 αλλα
439 1817 505 1848 γαρ
538 1818 582 1837 το
612 1815 689 1845 μεν
718 1804 904 1843 αὸηλον.
942 1797 981 1831 αἶ
1008 1801 1048 1831 δε

315 1855 670 1900 εξσμολογησεις
699 1867 799 1886 εισι.

364 1909 408 1952 n)
433 1905 501 1940 1110
529 1919 656 1950 sensu,
693 1918 763 1950 quo
791 1903 913 1938 nautii
942 1912 1047 1936 secta-

312 1968 407 1992 tores
440 1958 557 1992 solent
593 1959 658 1990 hac
693 1969 779 1989 voce
818 1956 883 1990 uti.
952 1958 1046 1988 Inter

311 2008 376 2041 hos
402 2009 616 2041 clarissimus
639 2018 695 2041 eat
722 2005 922 2051 Wolfflm,
949 2006 1044 2049 prin·

312 2071 404 2102 ceps,
426 2061 599 2103 Spinoza,·
635 2058 805 2090 referendi
842 2066 957 2087 autem
985 2068 1045 2088 eo·

313 2111 391 2143 dem
416 2121 556 2150 omnes,
583 2109 646 2152 qui
670 2115 897 2141 censuerunt,
935 2114 970 2137 et
990 2117 1044 2137 re-

311 2173 390 2198 tum
433 2160 671 2205 apparentium
712 2167 746 2190 et
778 2157 887 2202 ipsius
931 2156 1043 2188 animi

312 2224 450 2246 eausam
483 2213 630 2257 primam
673 2209 902 2242 demonstrari
939 2214 1042 2252 posse

311 2266 423 2299 inesse
447 2266 484 2298 in
521 2264 675 2306 absoluto
703 2261 834 2297 obiecto
870 2271 932 2294 seu
957 2259 1041 2293 sub·

312 2318 437 2349 stantia
463 2315 611 2351 infinita,
842 2310 844 2313 ’

364 2370 405 2415 ο)
440 2369 539 2402 Certe
575 2366 644 2401 alio
681 2376 805 2404 sensu,
840 2375 945 2410 quam
978 2363 1042 2409 qui

1102 1799 1309 1844 plerumque
1336 1802 1393 1835 vel
1423 1802 1627 1850 Dogmatici
1653 1803 1711 1836 vel
1738 1806 1832 1839 Iden-

1102 1850 1204 1883 listae
1243 1852 1420 1888 dicuntur.
1505 1856 1630 1899 Neque
1663 1857 1831 1891 Reazismi

1100 1913 1192 1940 vox,
1230 1915 1298 1947 qua
1326 1904 1458 1950 placuit
1484 1906 1741 1951 persuasionem
1769 1922 1829 1943 no-

1100 1964 1207 1987 stram
1234 1957 1449 2001 exprimere,
1493 1958 1542 1990 ita
1577 1958 1686 2004 accipi
1718 1960 1826 1998 debet,

1095 2006 1196 2049 quasi
1221 2006 1262 2038 de
1285 2009 1408 2046 rebus,
1445 2010 1549 2041 sicuti
1577 2010 1745 2042 Reatinae
1771 2013 1827 2043 in-

1095 2066 1145 2088 ter
1168 2057 1418 2096 Scholasticos.
1450 2060 1652 2095 sentiamus.
1707 2062 1825 2095 Nimi-

1093 2118 1172 2138 rum
1201 2109 1297 2143 nihil.
1325 2110 1415 2153 quod
1441 2111 1531 2141 reale
1547 2111 1614 2141 dici
1631 2113 1744 2156 possit
1770 2116 1825 2147 vel

1273 2170 1316 2189 ex
1351 2161 1425 2194 sola
1461 2161 1687 2203 intelligentia
1714 2166 1827 2206 expli·

1093 2210 1162 2241 cari
1188 2220 1296 2252 posse.
1324 2211 1580 2247 contendimus,
1608 2224 1825 2259 quamquam

1092 2260 1197 2308 longe
1238 2261 1356 2296 minus
1397 2263 1528 2309 poterit
1562 2274 1606 2296 ex
1650 2277 1688 2299 re
1730 2269 1822 2301 exsi-

1092 2322 1214 2348 stente.

1093 2170 1205 2189 verum
1216 2179 1226 2193 ,

1135 2439 1232 2476 ΒΩ
