2272 3025
1112 311 1176 355 50

385 431 462 463 ωε
485 417 576 469 alii,
613 415 717 466 etsi,
751 413 1140 470 quemadmodum
1167 414 1344 458 charron
1366 416 1406 466 ο)
1436 413 1484 454 in
1512 413 1781 458 cohibendis
1803 417 1901 474 opi-

386 499 605 543 nionibus
639 511 688 538 ea
722 495 900 536 ratione
931 494 1188 552 utebamur,
1221 504 1272 535 ut
1293 508 1451 536 verum
1475 495 1674 537 dicerent
1694 506 1904 540 naturam

385 578 566 623 finitam
597 578 768 619 intrare
795 576 1039 632 locumque
1067 575 1117 616 in
1146 589 1195 616 ea
1232 585 1382 615 tenere
1412 583 1507 616 non
1539 589 1697 632 posse:
1750 585 1904 617 tamen

387 675 485 703 non
509 658 687 700 assidue
708 657 814 698 satis
839 656 952 697 circa
974 670 1071 697 eam
1095 671 1190 697 rem
1213 666 1321 698 sunt
1343 657 1519 709 versati,
1542 658 1620 699 sed
1640 656 1906 698 nominasse

378 741 609 784 ‘idoneum
637 747 866 794 putavere.
930 737 1113 779 Relictis
1137 737 1278 794 igitur
1298 738 1369 789 iis,
1402 738 1482 795 qui
1503 739 1657 781 minus
1683 737 1907 787 momenti

388 824 438 865 in
460 835 590 864 causa
609 828 769 862 nostra
791 816 955 860 habere
975 817 1213 870 videntur,
1248 819 1401 861 statim
1432 819 1486 860 ad
1524 822 1708 861 Humium
1731 821 1909 863 acceda-

387 916 514 953 mus,
546 901 597 941 in
629 898 759 940 omni
787 898 963 954 Scepsi,
995 900 1142 955 qualis
1177 901 1409 953 hucusque
1440 897 1549 949 fuit,
1580 896 1710 939 facile
1743 900 1910 954 princi-

388 996 507 1039 pem.
553 983 691 1020 Hunc
710 977 833 1018 enim
857 987 1038 1018 tantum
1068 978 1214 1028 abest,
1249 988 1299 1019 ut
1318 992 1472 1019 veram
1495 978 1680 1034 Scepsin
1701 994 1795 1021 non
1817 980 1910 1022 nisi

391 1059 608 1118 singulis,
642 1057 712 1099 uti
740 1057 1104 1114 uniuscuiusque
1126 1058 1363 1116 ingenium
1385 1057 1511 1110 ferat,
1545 1060 1775 1116 propriam
1811 1075 1910 1103 esse

389 1155 525 1200 posse
548 1137 787 1197 putaverit,
824 1148 876 1180 ut
899 1139 1078 1195 potius,
1115 1140 1170 1181 de
1191 1154 1271 1182 sua
1294 1140 1515 1183 sententia
1537 1140 1634 1195 ipse
1665 1152 1785 1183 certo
1814 1156 1911 1197 per-

393 1236 577 1270 suasus,
610 1219 815 1260 eamdem
848 1218 1087 1275 quibusvis
1118 1220 1246 1271 aliis,
1279 1220 1525 1276 patientem
1548 1220 1687 1264 modo
1710 1236 1911 1264 commo-

393 1303 556 1344 darent
581 1314 757 1350 aurem,
802 1300 1071 1353 explicando
1102 1303 1366 1353 persuadere
1393 1315 1439 1339 se
1469 1314 1604 1354 posse
1634 1302 1910 1344 confideret:

393 1391 576 1426 secutus
607 1380 657 1421 in
689 1394 743 1421 eo
774 1378 1027 1420 universam
1050 1378 1196 1436 legem
1233 1379 1552 1429 humanitatis,
1587 1395 1698 1435 qua,
1732 1382 1786 1422 de
1819 1397 1910 1437 quo

391 1477 496 1508 vere
512 1475 774 1519 persuasum
796 1460 972 1511 habeas,
1005 1460 1054 1502 id
1079 1470 1259 1503 censeas
1279 1460 1334 1502 ab
1365 1460 1597 1513 omnibus,
1630 1462 1771 1504 modo
1794 1472 1911 1505 recte

394 1544 723 1601 perspexerint,
755 1542 811 1582 iri
833 1542 1086 1596 probatum.

520 1624 740 1665 Universa
760 1632 910 1662 autem
936 1621 1094 1662 Humii
1116 1621 1470 1677 philosophandi
1505 1621 1620 1664 ratio
1652 1636 1704 1666 eo
1738 1622 1912 1665 niteba-

391 1717 467 1749 tur
487 1716 718 1760 tamquam
741 1701 1059 1752 fundamento,
1092 1711 1144 1742 ut
1177 1715 1222 1743 se
1252 1702 1460 1758 ignorare
1489 1701 1717 1753 fateretur,
1751 1719 1805 1744 an
1833 1704 1912 1744 ali-

396 1786 506 1844 quid
539 1783 744 1840 positum
776 1792 895 1824 esset
926 1791 1052 1822 extra
1085 1780 1383 1836 cogitationes
1413 1790 1615 1831 nostras,
1651 1797 1740 1837 quo
1771 1783 1912 1824 veluti

393 1864 705 1909 moderamine
735 1863 796 1904 ita
825 1860 961 1918 dirigi
999 1870 1182 1917 possent
1215 1870 1259 1901 et
1281 1860 1337 1901 ad
1359 1860 1452 1902 veri
1474 1862 1782 1918 cognitionem
1805 1878 1911 1905 con-

395 1945 600 1995 formari,
634 1954 700 1995 ut,
734 1943 842 1984 dum
863 1956 935 1983 eas
957 1943 1004 1982 in
1027 1941 1202 1998 agendo
1225 1955 1525 2000 sequeremur,
1559 1941 1613 1982 ab
1649 1957 1796 1984 errore
1824 1944 1911 1984 tuti

397 2041 700 2077 maneremus·
763 2025 891 2067 Istud
915 2024 991 2065 ille
1012 2024 1246 2065 vinculum
1272 2023 1506 2079 utriusque
1529 2025 1702 2076 mundi,
1737 2025 1909 2076 (subie-

398 2107 508 2150 ctivi
541 2116 584 2147 et
616 2105 826 2146 obiectivi
859 2109 878 2156 )
920 2104 1062 2146 istum
1096 2102 1245 2144 omnis
1283 2102 1485 2144 veritatis
1509 2117 1687 2145 causam
1716 2105 1911 2160 primam

452 2264 488 2303 o)
534 2263 686 2298 Charton
719 2260 761 2291 de
786 2260 821 2291 la
844 2270 995 2301 sagene,
1031 2258 1126 2300 inpr.
1182 2268 1294 2300 neque
1332 2253 1558 2290 existimandi
1586 2271 1647 2302 por
1683 2259 1793 2292 iocum
1841 2258 1908 2304 (of.

400 2314 444 2350 L,
458 2317 484 2350 Ι,
508 2323 541 2345 et
561 2315 608 2345 n.
635 2314 691 2344 Ex
708 2322 818 2354 aequo
834 2310 997 2342 videntur
1017 2307 1129 2352 expli·
1180 2307 1350 2342 Seaeadlfn.
1370 2308 1412 2344 G,
1435 2322 1468 2345 u.
1489 2310 1531 2346 G,
1559 2309 1593 2343 d.
1614 2307 1673 2344 sk,
1703 2310 1747 2344 11,
1776 2322 1813 2353 p.
1829 2308 1906 2357 35.)

401 2366 507 2397 canda
527 2377 611 2402 esse,
638 2374 726 2407 quae
743 2363 805 2396 isti
814 2362 886 2396 viri
902 2361 1127 2406 seripserunt,
1180 2359 1222 2392 de
1238 2370 1274 2392 re
1290 2359 1450 2395 maxime
1468 2360 1555 2394 seria
1574 2371 1647 2395 esse
1666 2357 1792 2394 locuti.
