2272 3025
996 264 1333 359 434-

280 411 443 455 tentias
475 411 536 453 ita
568 410 622 452 ab
654 424 933 467 unoquoque
964 408 1278 465 proferendas,
1320 421 1372 452 ut
1406 411 1686 454 contrarium
1717 415 1780 457 af·

279 495 454 536 firmare
494 492 738 536 absurdum
777 489 909 532 foret.
974 493 1161 533 Exstare
1191 492 1445 536 Matheseos
1484 494 1663 537 illustre
1705 510 1780 538 ex-

276 577 500 634 emplum,
542 574 724 630 vulgata
764 586 860 614 esse
891 571 1359 630 principiajLogices,
1423 574 1694 630 quibuscum
1735 577 1777 618 si

273 658 375 715 quis
406 669 513 696 non-
536 654 598 694 ita
631 654 798 695 sentire
828 653 990 705 vellet,
1031 664 1083 694 ut
1125 654 1175 695 in
1217 654 1271 697 iis
1304 665 1535 712 tamquam
1567 656 1777 699 absolute

270 736 387 779 veris
418 735 657 786 niteretur,
695 735 911 776 insanum
942 735 1075 776 illum
1108 734 1282 790 sibique
1313 736 1403 791 ipsi
1435 737 1778 782 inconstantem.

270 816 326 859 ab
368 816 580 859 omnibus
614 815 679 859 ‚iri
719 815 981 857 iudicatum.
1055 814 1171 858 Satis
1206 814 1345 873 igitur
1388 818 1503 859 clare
1551 832 1775 874 appatere,

205 923 207 926 -
268 897 452 939 inanem
493 911 588 940 esse
636 894 919 952 Scepticismi
959 895 1206 947 rationem,
1247 910 1334 953 qua
1378 897 1585 938 absolute
1616 913 1775 941 verum

269 980 513 1035 quidquam
547 992 639 1020 esse
670 987 826 1033 neget,
860 986 904 1017 et
936 991 1039 1018 cum
1070 977 1309 1019 oculorum
1338 978 1597 1035 mentisque
1627 980 1773 1034 ipsius

268 1060 545 1101 testimoniis
585 1067 879 1115 pugnantem.

353 1144 477 1197 Quae
507 1153 599 1196 quo
632 1137 775 1195 magis
808 1151 911 1178 cum
932 1136 1131 1194 speciose
1163 1147 1273 1191 tum,
1293 1152 1398 1182 vere
1430 1149 1585 1181 contra
1606 1141 1774 1197 Scepti-

269 1234 344 1262 cae
390 1219 703 1276 philosophiae
747 1232 899 1261 causas
943 1218 1316 1274 disputabantur,
1360 1208 1422 1262 eo
1460 1221 1639 1278 gravius
1677 1222 1772 1263 eius

266 1301 449 1357 patroni
470 1300 747 1343 commoveri
768 1314 910 1356 eoque
932 1301 1075 1357 magis
1095 1300 1280 1342 excitari
1308 1300 1556 1354 debebant,
1591 1312 1645 1344 ut
1676 1316 1771 1345 rem

272 1397 402 1424 suam
426 1381 704 1439 argumentis
726 1380 1104 1436 probabilioribus
1126 1391 1373 1424 tuerentur.
1452 1387 1600 1439 Atque
1632 1397 1687 1425 ex
1716 1397 1769 1425 eo

265 1474 400 1522 natus
424 1476 488 1506 est
514 1462 671 1504 tertius
702 1461 982 1518 Scepticismi
1001 1461 1188 1518 gradus,
1222 1476 1338 1518 quor,
1372 1466 1454 1506 veri
1487 1473 1647 1506 natura
1672 1464 1771 1506 alti-

263 1558 318 1585 us
340 1544 567 1598 inspecta‚
599 1543 650 1584 in
683 1547 828 1586 obiecto
858 1542 1059 1599 positum
1092 1555 1186 1583 esse
1207 1542 1586 1596 contendebatur,
1617 1553 1684 1595 ut,
1716 1544 1772 1585 li-

266 1634 335 1667 cet
351 1628 557 1682 persuasio
588 1622 710 1663 haud
729 1636 837 1663 'raro
869 1622 1127 1663 firmissima
1161 1632 1277 1662 esset
1296 1633 1481 1678 et-quae
1513 1624 1652 1665 everti
1688 1624 1771 1664 eri-

266 1706 404 1762 pique
444 1719 498 1745 ex
531 1703 683 1744 animo
715 1717 812 1744 non
843 1712 1018 1757 posset,
1061 1712 1214 1743 tamen
1247 1716 1330 1757 pro
1362 1720 1452 1747 vero
1490 1702 1560 1754 id,
1592 1702 1647 1745 de
1675 1718 1767 1761 quo

265 1786 431 1844 aliquis
446 1786 507 1828 ita
530 1783 716 1827 sentiret
736 1793 788 1824 ut
809 1781 936 1824 aliter
954 1796 1050 1823 non
1071 1791 1235 1838 posset,
1267 1792 1501 1839 propterea
1524 1783 1647 1839 quod
1671 1799 1770 1826 non

267 1878 447 1927 posset,
489 1866 755 1923 neutiquam
800 1874 915 1906 esset
953 1863 1226 1908 habendum.
1298 1864 1453 1907 Posito
1486 1865 1625 1923 igitur
1650 1865 1768 1908 inter

267 1952 473 1994 subiective
503 1965 633 1992 verum
652 1935 833 2001 (seu-id
864 1945 919 1987 de
951 1959 1041 2002 quo
1063 1946 1164 2001 quis
1193 1944 1377 1987 haberet
1399 1950 1691 2003 persuasum)
1719 1957 1763 1988 et

268 2032 450 2072 obiective
469 2044 613 2076 verum,
646 2029 714 2080 (h.
739 2041 773 2067 e.
808 2026 931 2080 quod
960 2026 1012 2066 in
1042 2040 1091 2067 re
1118 2025 1237 2080 ipsa,
1278 2041 1375 2068 non
1405 2028 1555 2068 habita
1592 2027 1769 2070 ratione

269 2106 509 2175 cogitantis
528 2118 711 2147 naturae
733 2119 782 2146 ac
806 2104 1108 2161 percipientis,
1143 2119 1246 2146 vere
1266 2104 1476 2158 inesset,)
1509 2108 1769 2149 discrimine

272 2203 521 2245 numquam
563 2186 861 2243 negligendo,
892 2188 1013 2244 facile
1045 2189 1202 2242 Sceptici
1247 2188 1540 2246 largiebantur,
1582 2193 1774 2249 quidquid

271 2274 333 2316 vel
351 2271 545 2315 Mathesis
563 2270 623 2312 vel
639 2270 785 2327 Logic'a
810 2268 873 2311 vel
885 2268 1057 2325 Physica
1079 2270 1123 2310 de
1143 2269 1258 2310 rebus
1286 2283 1490 2327 earumque
1519 2285 1622 2312 nexu
1653 2265 1773 2328 prae-

272 2354 435 2409 ciperet,
471 2350 635 2394 adiecta
663 2358 844 2395 tantum
863 2348 1198 2400 admonitione,
1230 2365 1275 2392 ne
1293 2352 1402 2408 quis,
1432 2354 1538 2409 quod
1566 2355 1771 2397 subiective

1199 2433 1233 2476 F
1264 2443 1292 2475 2
