2272 3025
1027 313 1092 360 27
1147 288 1150 291 ’

308 413 595 457 sentiendum
617 428 756 472 aeque
773 429 823 456 ac
845 413 902 454 ad
921 411 1281 454 dissentiendum
1303 422 1590 457 commotum
1607 427 1692 458 -me
1711 415 1814 459 sen-

309 496 388 539 tio.
456 500 577 553 Quae
609 495 763 538 omnia
797 492 1102 549 Sophisticam
1131 492 1289 535 nimis·
1299 494 1499 549 produnt
1522 496 1577 539 de
1599 496 1815 540 omnibus

305 575 572 635 ambigendi¹
586 575 824 627 rationem,
855 573 984 615 ouius
1009 587 1091 631 ego
1112 573 1254 615 miror
1271 573 1322 613 in
1344 574 1444 629 ipso
1469 579 1590 620 Sexto
1621 578 1814 635 vestigia

305 657 434 712 plura
458 669 703 710 superesse.
724 657 762 708 ¹¹)
824 655 934 695 Eius
966 655 1103 706 enim,
1137 669 1273 710 quam
1308 655 1452 710 capite
1471 660 1542 698 IV.
1562 658 1697 713 primi
1716 663 1816 713 Hy-

303 745 589 790 potyposeon
621 734 728 776 libri
757 734 990 786 exhibuit,
1035 740 1242 791 Scepseos
1276 734 1481 778 definitio
1512 747 1606 780 tota
1640 753 1695 781 ex
1723 739 1813 783 hoc

304 829 464 874 genere
486 825 583 860 est.>
627 816 703 858 Ait
719 814 844 857 enim
865 828 959 857 esse
984 813 1176 871 ὃυναμιν
1200 814 1483 870 ava-afiartam
1519 820 1811 875 φαινομευων

304 908 354 938 τε
407 910 482 939 και
537 910 811 951 νοουμενιυν.
901 900 1046 953 Quam
1080 910 1240 938 omnes
1275 895 1517 951 opiniones
1549 911 1813 956 comparan-

303 977 352 1019 di
403 977 577 1034 sibique
636 976 900 1032 opponendi
968 975 1229 1024 facultatem
1283 977 1370 1023 etsi
1436 992 1535 1020 non
1589 995 1811 1040 negamus

300 1072 328 1101 a
369 1058 565 1115 Sceptica
606 1059 781 1101 ratione
832 1058 987 1101 abesse
1028 1073 1127 1101 non
1183 1072 1340 1114 posse:
1399 1069 1552 1102 tamen
1605 1060 1646 1102 ei
1711 1053 1811 1104 non

301 1138 383 1182 ita.
403 1138 584 1197 propria
616 1148 707 1190 est,
771 1147 823 1180 ut
877 1137 1135 1182 universam
1196 1138 1290 1181 eius
1343 1149 1556 1182 naturam
1619 1143 1812 1199 explicet

300 1234 325 1261 a
394 1219 649 1277 dogmatico
699 1218 1056 1276 philosophandi
1113 1219 1253 1260 modo
1305 1220 1412 1261 satis
1475 1222 1591 1262 clare
1651 1222 1814 1264 distin-

303 1312 434 1343 ctam.
520 1300 703 1343 Etenim
751 1314 882 1343 causa
940 1300 1238 1353 desideratur,
1293 1299 1353 1342 ob
1400 1315 1535 1357 quam
1589 1303 1812 1345 contraria

302 1397 327 1424 a
376 1381 584 1439 Scepticis
624 1381 800 1424 soleant
841 1378 1064 1432 conferri,
1107 1393 1187 1422 seu
1227 1377 1331 1422 finis
1374 1381 1430 1423 ad
1474 1396 1608 1439 quem
1650 1397 1696 1424 se
1733 1398 1809 1426 cu-

301 1464 433 1521 piant
475 1462 604 1512 duci3
663 1476 713 1507 ac
745 1464 906 1505 Sextus
936 1461 1035 1518 ipse
1067 1460 1165 1503 aliis
1199 1459 1249 1502 in
1283 1460 1398 1503 locis
1433 1473 1513 1504 τον
1559 1474 1805 1507 σκεπτικον

298 1528 587 1606 χαραπὶτηρα
619 1544 681 1585 ita
713 1543 916 1600 explicat,
950 1553 1015 1594 ut,
1046 1556 1150 1583 eum
1180 1541 1230 1582 in
1264 1541 1538 1599 disputando
1573 1544 1725 1587 solum
1757 1545 1809 1588 in

300 1635 537 1681 utramque
579 1632 750 1679 partem
791 1623 1056 1678 neutiquam
1098 1622 1353 1664 constitisse
1394 1622 1691 1679 manifestum
1733 1627 1805 1670 sit.

298 1702 602 1747 Praevaluisse
618 1711 785 1743 atamen
814 1701 866 1743 in
897 1701 995 1756 ipso
1030 1704 1163 1742 Sexto
1188 1700 1554 1757 antiquissimam
1588 1702 1705 1746 hanc
1738 1720 1805 1747 ra·

301 1787 477 1829 tionem
508 1798 534 1826 a
565 1781 787 1839 Sophistis
819 1778 1024 1838 petitam,
1054 1779 1263 1836 inprimis
1296 1795 1351 1822 ex
1381 1780 1436 1822 iis
1460 1796 1732 1839 cognoscere
1752 1786 1808 1828 li-

303 1878 384 1919 cet,
417 1880 530 1923 quae
560 1864 612 1905 in
642 1863 771 1905 libris
803 1857 1013 1904 adverSus
1033 1861 1394 1913 Mathematicus,
1427 1863 1623 1906 maxime
1654 1866 1808 1909 adver-

299 1963 376 1995 sus
418 1951 675 1991 Geometras
709 1954 753 1986 et
783 1942 1019 1997 Physicos,
1059 1942 1289 1999 congessit
1299 1958 1313 1991 3
1354 1952 1409 1985 ex
1441 1943 1606 2000 quibus
1637 1949 1806 2003 perspi-

293 2020 437 2073 ‘cuum
469 2038 537 2070 est
568 2041 672 2068 eum
705 2024 847 2065 multa
879 2024 958 2064 vix
988 2022 1131 2065 fuisse
1162 2023 1403 2075 dicturum,
1437 2023 1528 2065 nisi
1559 2038 1673 2079 opus
1707 2040 1805 2069 esse

300 2113 350 2153 in
382 2107 665 2164 Scepticismo
699 2101 1015 2145 huiuscemodi
1046 2101 1328 2159 singularum
1371 2102 1641 2159 opinionum
1682 2106 1804 2150 refu..

299 2178 468 2234 tatione
500 2185 812 2230 existimasset.
833 2183 868 2237 s)

297 2295 798 2315 .·——-—-—-———n—

352 2370 392 2412 r)
417 2369 486 2403 Ex.
514 2378 568 2416 gr.
607 2366 643 2402 P.
665 2365 710 2397 H.
737 2365 768 2398 1.
806 2371 865 2399 12.
891 2365 950 2403 ιδ.
1130 2362 1163 2404 s)
1190 2359 1350 2393 Ceterum
1374 2360 1412 2392 in
1440 2359 1542 2394 nuno
1559 2359 1643 2396 1000
1664 2366 1824 2401 Sextum.
