2272 3025
830 347 1055 366 nun—...-
1125 335 1189 369 20

386 439 529 484 vanis
571 433 901 494 cogitationum
942 436 1081 494 nugis
1122 435 1391 494 frivolisque
1424 436 1686 479 scholarum*
1722 439 1910 499 argutiis

399 521 580 579 perdere
611 527 746 576 atque
776 516 1066 575 profundere.
1147 519 1279 577 Quod
1312 529 1465 562 tamen
1506 519 1544 562 si
1581 518 1644 561 ita
1687 529 1733 561 se
1765 521 1916 573 habet,

400 599 533 644 facile
565 600 818 658 colligitur,
859 599 1201 655 Scepticismum
1235 601 1333 657 pari
1370 614 1544 659 semper
1581 615 1684 643 cum
1717 603 1917 658 Dogma-

399 683 538 728 ,tismo
582 682 725 738 gradu
766 681 1048 736 processisse.
1137 682 1288 725 vCuius
1333 683 1397 724 rei
1440 681 1626 725 historia
1668 682 1792 725 testis
1837 691 1917 725 est.

398 767 515 806 Cum
548 762 698 813 enim,
741 762 821 819 qui
851 763 927 804 vel
959 772 1063 805 ante
1096 767 1324 805 Socratem
1361 765 1435 805 vel
1465 765 1609 819 ipsius
1649 774 1790 805 aetate
1821 762 1918 820 phi-

399 841 636 900 losophati
667 852 822 895 erant,
864 856 1013 900 neque
1045 844 1324 904 argumentis
1358 841 1600 889 subtilibus
1633 854 1677 885 et
1707 860 1763 887 ex
1794 860 1920 888 accu-

401 937 497 967 rata
532 934 721 966 naturae
752 925 978 966 humanae
1010 926 1275 983 cognitione
1298 922 1510 966 derivatis
1539 923 1612 967 usi
1643 936 1807 977 essent,
1841 939 1919 969 ne-

402 1021 490 1064 que
522 1006 660 1047 etiam
692 1004 961 1060 disciplinae
993 1006 1217 1048 rationem
1250 1006 1516 1047 habuissent
1539 1006 1694 1048 eadem
1727 1005 1919 1063 diligen-

399 1086 487 1138 tia,
520 1100 607 1142 qua
640 1099 767 1127 nunc
798 1085 948 1141 plures
983 1087 1219 1143 conspicui
1250 1096 1383 1138 sunt,
1426 1087 1738 1143 descriptamz·
1762 1101 1922 1131 eorum.

401 1167 695 1219 adversariis,
728 1180 926 1224 quorum
949 1167 1175 1224 principes
1206 1181 1459 1224 numquam
1489 1160 1585 1210 non
1619 1167 1805 1224 sceptici
1824 1166 1920 1210 fue-

403 1259 528 1301 runt,
558 1263 657 1291 non
691 1263 807 1304 opus
841 1258 934 1289 erat
965 1247 1193 1304 profunda
1226 1249 1305 1291 illa
1336 1249 1500 1291 mentis
1524 1250 1748 1291 humanae
1779 1248 1919 1291 scien-

403 1329 493 1382 tia,
543 1344 630 1386 qua
671 1341 938 1372 nostrorum
978 1330 1154 1385 aliquos
1198 1330 1411 1371 excellere
1442 1329 1672 1382 videmus,
1702 1329 1780 1371 sed
1811 1327 1919 1370 faci·

400 1410 508 1453 liori
543 1410 731 1468 negotio
764 1410 1060 1468 Dogmaticos
1093 1397 1303 1466 poterant
1344 1408 1629 1466 perturbare;
1669 1407 1919 1466 perturbati

404 1502 554 1534 autem
587 1492 666 1533 illa
697 1500 961 1546 tempestate
995 1491 1117 1532 haud
1148 1492 1308 1546 procul
1340 1490 1546 1541 aberant,
1590 1490 1702 1548 quin
1735 1503 1781 1530 se
1813 1502 1920 1536 con·

403 1572 551 1616 victos
584 1571 846 1613 faterentur.
942 1572 1093 1612 Crevit
1135 1586 1240 1628 ergo
1274 1582 1474 1627 tempore
1504 1572 1841 1627 Scepticismus,
1876 1577 1921 1608 et

401 1662 522 1695 recte
553 1666 642 1694 nos
675 1665 738 1702 ea,
773 1664 886 1706 quae
903 1652 1075 1705 Pyrrho
1108 1666 1159 1693 ac
1190 1651 1358 1693 Timon
1390 1652 1574 1708 ipseque
1596 1650 1918 1694 Aenesidemus

398 1733 703 1789 scripserunt,
754 1730 871 1772 levia
912 1746 1038 1774 nunc
1076 1732 1356 1783 iudicamus,
1402 1747 1488 1773 nec
1528 1731 1660 1779 facile
1699 1733 1749 1773 in
1789 1729 1919 1772 libris

401 1812 592 1868 sceptici
624 1810 881 1868 argumenti
914 1825 1147 1853 censemus
1180 1811 1235 1852 iis
1269 1824 1365 1852 esse
1397 1811 1632 1853 utendum.
1725 1814 1921 1853 Praestat

403 1891 629 1949 Pyrrhoni
662 1894 838 1942 Sextus,
876 1894 1010 1933 Sexto
1044 1890 1242 1934 Humius
1254 1906 1268 1940 3
1300 1887 1551 1948 perfectum
1573 1902 1723 1934 autem
1752 1891 1920 1948 Scepti-

405 1989 511 2017 cum
542 1975 754 2016 nondum
787 1972 988 2029 contigit
1014 1972 1232 2015 invenire.
1325 1975 1426 2028 Quo
1457 1974 1646 2014 nomine
1677 1987 1772 2014 non
1805 1973 1919 2014 alius

404 2056 700 2113 appellandus
734 2055 819 2098 erit
851 2069 988 2112 quarn
1016 2053 1106 2106 ille,
1142 2052 1221 2110 qui
1254 2063 1412 2095 contra
1445 2052 1693 2111 perfectum
1717 2058 1917 2113 Dogma-

404 2138 595 2180 tismum
631 2140 680 2190 θ),
712 2138 889 2179 nullam
913 2135 1009 2178 dari
1031 2145 1197 2177 certam
1218 2136 1274 2178 de
1299 2135 1618 2179 convenientia
1653 2136 1760 2188 eius,
1793 2136 1919 2195 quod

390 2367 394 2370 ,
460 2335 494 2377 e)
521 2333 710 2366 Perfectum
727 2332 1015 2379 Dogmatismum
1029 2344 1138 2376 aeque
1190 2332 1338 2365 cismum
1380 2333 1583 2377 perfectum.
1643 2335 1701 2367 De
1735 2344 1805 2377 quo
1833 2335 1909 2371 vid.

405 2395 478 2417 non
506 2384 678 2416 exstitisse
705 2394 891 2428 putamus,
927 2394 967 2416 ae
995 2384 1127 2429 Scepti-
1181 2392 1263 2418 nota
1294 2395 1455 2432 sequens.
