2272 3025
853 323 1051 355 --’--
1127 321 1461 373 14--.

393 425 703 473 voluntatem,
737 423 1045 466 necessarium
1078 438 1175 468 esse
1205 426 1255 467 in
1282 418 1456 469 mundo
1489 441 1722 474 causarum
1741 450 1922 496 nexum,
1964 475 1976 488 x

399 521 492 550 esse
525 514 645 546 extra
674 519 761 547 nos
796 505 1027 548 obiectum
1061 510 1475 553 transscendentale
1498 508 1543 565 s),
1578 512 1685 556 alia:
1731 515 1786 556 de
1813 518 1922 572 iure,

396 586 450 628 de
482 583 659 639 officiis,
694 586 749 629 de
768 585 861 629 fine
884 588 1113 649 bonorum
1128 589 1185 654 ³¹¹2
1200 591 1394 647 practica
1415 582 1703 651 philosophia
1724 597 1786 641 ita
1798 614 1923 656 prae-

396 668 529 725 cipit,
563 677 617 708 ut
647 683 786 713 nemo
820 670 877 712 de
919 671 1088 713 relictis
1134 672 1416 729 Scepticismi
1458 676 1661 736 vestigiis
1704 683 1920 739 conqueri

392 760 550 806 possit.

515 846 575 884 At
606 841 740 884 video
772 844 1053 896 nonnullos,
1086 845 1166 900 qui
1199 846 1389 887 omnino
1423 848 1626 901 Scepsin,
1660 843 1918 899 scholarum

390 922 557 973 instar,
592 937 615 964 a
647 923 884 979 principiis
917 924 1057 965 ordiri
1089 936 1269 981 negent.
1305 909 1308 912 ‚
1335 926 1423 981 Qui
1453 927 1659 982 quamvis
1705 946 1918 989 magnam

390 996 564 1060 partem
583 982 642 1043 Χει
673 1003 878 1044 doctrina
913 1013 958 1045 et
988 1003 1166 1062 ingenii
1198 990 1408 1047 acumine
1449 1006 1509 1049 ita
1554 1009 1805 1065 emineant,
1849 1000 1919 1069 ut,

389 1084 439 1125 in
472 1098 518 1124 re
538 1084 719 1140 propria
752 1093 870 1126 recte
902 1098 979 1126 eos
1011 1085 1204 1138 vidisse,
1239 1087 1455 1144 suspicari
1485 1089 1641 1132 liceat:
1685 1104 1836 1138 tamen
1860 1096 1920 1139 abv

385 1166 442 1209 iis
473 1180 571 1208 non
608 1165 848 1209 dissentire
879 1182 976 1209 non
1009 1182 1279 1223 possumus,
1313 1180 1433 1213 certo
1460 1187 1728 1228 persuasum
1748 1178 1914 1222 haben-

388 1257 479 1299 tes,
513 1256 592 1288 aut
624 1242 802 1290 nullam
835 1246 952 1300 esse,
997 1264 1083 1305 qua
1118 1249 1347 1306 quispiam
1389 1263 1618 1306 teneatur,
1660 1261 1913 1311 persuasio-

386 1343 516 1380 nem,
551 1328 722 1379 aut„si
768 1342 854 1383 qua
900 1328 983 1379 sit,
1029 1330 1125 1370 eius
1172 1338 1352 1385 'quoque
1392 1332 1668 1388 principium
1715 1347 1759 1378 et
1799 1353 1910 1394 esse,

386 1420 431 1452 et
462 1423 598 1466 posse
631 1407 875 1450 enuntiari.
943 1409 1064 1466 Quid
1098 1410 1223 1451 enim
1256 1411 1379 1453 aliud
1422 1413 1623 1456 dicemus
1656 1422 1907 1476 principium,

387 1504 526 1547 quam
560 1504 658 1532 eam
691 1488 1054 1546 persuasionem,
1101 1504 1125 1531 a
1158 1505 1245 1546 qua
1278 1492 1471 1549 reliqua,
1517 1495 1681 1551 quibus
1723 1503 1910 1544 assenti-

386 1586 514 1623 mur,
546 1565 818 1627 procedunt,‘
847 1579 891 1611 et
923 1584 977 1612 ex
1010 1585 1111 1628 qua,
1146 1571 1306 1614 ordine
1336 1573 1485 1631 logico
1507 1578 1766 1633 constituta,
1800 1596 1907 1626 con-

384 1651 671 1709 sequuntur?
734 1649 866 1709 Quod
900 1650 938 1692 si
970 1651 1070 1707 quis
1103 1663 1306 1709 negaret,
1341 1665 1535 1699 evertere
1567 1658 1796 1705 videretur
1826 1680 1904 1708 na-

380 1745 533 1776 turam
563 1717 824 1776 humanam.
886 1733 1067 1774 Deinde
1099 1734 1234 1789 quid,
1267 1750 1456 1789 quaeso,
1488 1739 1605 1783 illud
1648 1753 1736 1794 est,
1781 1748 1903 1802 quod

382 1815 514 1857 aiunt
564 1812 817 1869 Scepticum
877 1811 998 1853 nihil
1050 1811 1261 1856 universe
1320 1813 1534 1860 affirmare
1558 1818 1619 1874 ⁶)?
1692 1826 1902 1871 Potestne

382 1898 626 1955 qnisquam
656 1895 909 1961 quidquam
950 1893 1111 1935 habere
1153 1910 1442 1951 persuasum,
1488 1902 1567 1957 qui
1606 1918 1703 1946 non
1743 1921 1900 1953 omnes

376 2006 1648 2023 .———-———————-—-———,

427 2076 460 2117 s)
486 2072 590 2107 Istud
608 2072 1109 2110 obiectumtransscendentale,
1162 2075 1364 2110 actionibus
1403 2076 1502 2109 uuna
1550 2082 1697 2116 omnino
1742 2085 1880 2120 realitag

378 2124 474 2167 quod
494 2124 644 2156 Kantiue
666 2124 715 2155 ait
733 2134 808 2157 esse
824 2132 920 2159 =x,
943 2125 1110 2168 omnique
1161 2126 1253 2170 (nisi
1283 2126 1407 2171 logica,
1438 2140 1525 2172 quae
1551 2131 1649 2164 nulla
1672 2138 1750 2178 een)
1779 2113 1901 2171 conso:

378 2175 553 2212 realitate,
593 2176 634 2224 si>
657 2186 719 2219 per
753 2186 789 2206 se
824 2174 959 2218 aliquid
992 2175 1110 2208 valere
1154 2182 1301 2220 Aluntur.
1329 2179 1405 2212 vid.
1424 2191 1512 2222 quae
1530 2181 1685 2217 diximus
1699 2187 1739 2217 in
1758 2198 1834 2220 not.
1861 2202 1895 2231 q.

375 2235 537 2271 putetur,
565 2226 792 2261 destitutum,
828 2226 992 2270 inprimis
1019 2226 1111 2258 clare
1215 2229 1246 2269 t)
1276 2228 1333 2262 111.
1365 2230 1555 2264 ptumam
1575 2234 1689 2277 philon
1720 2237 1893 2280 Aphor.1,

378 2277 502 2313 docet,
536 2289 608 2310 eam
641 2290 712 2311 esse
741 2277 880 2311 criticae
912 2278 1110 2311 secundum
1164 2279 1257 2312 notis
1274 2280 1315 2312 ad
1336 2281 1364 2322 ᾗ,
1389 2284 1472 2323 706,
1500 2286 1638 2323 media,
1665 2289 1695 2330 ς,
1720 2295 1806 2332 798θ
1835 2302 1891 2323 ex,

374 2329 544 2362 nantium
567 2328 814 2374 philosophiae
841 2330 1013 2364 rationem
1029 2355 1040 2371 ,
1071 2338 1113 2361 ut
1166 2339 1284 2368 trema,

375 2393 420 2416 ox
453 2379 583 2415 mentis
612 2379 719 2414 solius
744 2381 803 2415 vol
824 2382 1031 2416 notionibus
1052 2379 1111 2415 vel
