2272 3025
1030 338 1095 390 41

305 445 435 506 pseos
466 441 794 506 ignorantiam,
825 439 1079 482 modestam
1110 441 1335 496 αφασιαν,
1369 436 1573 483 divinam
1606 437 1809 500 erroxnv!

305 545 440 587 quam
482 528 614 570 unice
653 537 805 568 veram
846 520 1184 579 genuinamque
1224 520 1562 579 philosophiam
1592 524 1812 581 appellat!

303 614 460 666 Neque
500 608 550 649 id
589 620 643 648 eo
687 616 847 652 sensu,
887 611 940 642 ut
978 601 1096 644 nihil
1127 600 1271 653 credi,
1309 615 1485 660 proque
1517 617 1622 646 vero
1654 605 1812 648 haberi

302 704 435 747 posse
466 686 708 729 existimet.
787 681 954 725 Abiicit
993 682 1112 725 enim
1146 681 1392 737 Pyrrhonis
1435 683 1717 743 aliorumque
1759 687 1813 730 in

303 766 553 816 dubitando
576 750 989 820 'intemperantiam
1012 796 1024 816 ‚
1074 778 1211 821 quam
1238 766 1287 817 ιι)
1327 763 1480 822 inepta
1517 766 1713 809 maxime
1765 778 1813 811 et

302 851 442 892 stulta
483 847 716 890 induxisse
758 845 854 901 ipse
895 842 1073 887 fatetur.
1135 848 1284 901 Negat
1323 844 1442 886 nuni
1472 846 1538 886 rei
1569 846 1703 890 fidem
1735 851 1812 893 ha.

303 930 407 973 bere
450 929 795 988 philosophum,
840 926 920 969 sed
952 926 1163 969 eumdem
1193 919 1296 969 vult
1325 924 1606 983 acquiescere
1636 928 1687 970 in
1720 945 1814 973 me-

303 1011 537 1053 diocritate
566 1021 753 1053 naturae
783 1010 1020 1057 humanae,
1052 1010 1111 1063 (p.
1130 1021 1229 1051 122.
1249 1009 1365 1059 175.)
1396 1006 1692 1065 sensibusque
1712 1026 1811 1055 non

301 1092 394 1139 nisi
424 1093 485 1134 ita
518 1092 613 1143 uti,
646 1101 699 1132 ut
730 1089 900 1131 iudicio
932 1088 983 1129 in
1014 1098 1222 1129 neutram
1259 1072 1813 1146 partem‘praecipitanter

304 1172 422 1215 flexo
456 1173 597 1217 vitam
629 1168 870 1227 tranquille
900 1179 946 1211 et
975 1168 1073 1211 sine
1103 1166 1356 1226 arrogantia
1393 1179 1586 1227 peragat.
1658 1172 1810 1217 Habes

308 1254 603 1311 antiquorum
646 1239 727 1308 ζην
770 1243 1018 1305 αδοξαςως
1057 1263 1133 1293 και
1177 1248 1481 1312 araneam-mg!
1533 1250 1670 1294 habes
1712 1268 1811 1298 non

306 1333 686 1377 contemnendam
718 1331 773 1371 de
804 1315 1095 1387 piiilosophia
1137 1330 1410 1372 sententiam
1431 1330 1496 1382 ὃ),
1536 1346 1811 1391 quamquam

305 1429 404 1457 eam
428 1429 482 1455 ex
506 1413 600 1456 veri
632 1426 768 1455 sensu
800 1411 970 1467 potius,
1004 1425 1139 1467 quam
1172 1409 1301 1451 firma
1331 1424 1383 1451 ac
1410 1421 1527 1453 certa
1558 1415 1807 1470 persuasio-

302 1510 362 1537 ne
390 1493 577 1537 fluxisse
608 1494 658 1535 in
690 1491 839 1548 aprico
873 1501 951 1535 est.
1014 1495 1110 1533 Nec
1139 1480 1236 1533 non
1269 1491 1541 1544 dolendum,
1584 1494 1708 1549 quod
1739 1496 1811 1538 vir

303 1575 655 1619 honestissimus
697 1584 832 1631 atque
872 1572 1161 1616 doctissimus
1203 1572 1344 1615 nimia
1385 1587 1464 1616 sua
1503 1573 1562 1617 ad
1601 1573 1812 1620 dubitan-v

428 1806 437 1815 .
477 1778 655 1813 blument
674 1777 718 1810 ils
743 1774 860 1810 nostre
876 1776 1032 1809 modeste
1082 1776 1147 1814 „de
1162 1776 1296 1819 Pyrrho
1313 1788 1402 1810 nous
1423 1790 1441 1811 a
1461 1778 1604 1822 produit
1619 1780 1662 1813 de
1680 1792 1812 1818 meam·

307 1831 473 1876 „aphasie
485 1829 504 1862 ‘2
537 1830 768 1862 condemnent
787 1827 830 1860 ils
845 1836 963 1859 nostre
982 1839 1033 1859 re-
1085 1838 1160 1863 „ses
1184 1837 1411 1873 extravagans
1428 1830 1531 1873 qu'on
1556 1842 1646 1863 nous
1669 1833 1810 1875 objette,

310 1893 436 1921 „tenue
470 1880 676 1926 suspensior:
713 1877 889 1924 *d’esprit‘z'
930 1904 941 1913 .
980 1904 989 1913 .
1021 1903 1031 1913 .
1084 1889 1157 1916 „ou
1172 1877 1306 1924 plutost
1323 1890 1376 1912 ses
1403 1878 1473 1913 fols
1496 1880 1752 1917 inseiises...“

309 1934 462 1972 „raisons
480 1933 570 1965 donc
586 1931 697 1976 gloire
720 1931 767 1962 du
787 1942 882 1962 non·
896 1929 1034 1973 sqavoit
1137 1929 1177 1970 b>
1206 1931 1286 1974 „La
1303 1930 1529 1976 philosophie
1551 1935 1699 1966 n'estant
1714 1946 1811 1969 autre

309 1984 487 2024 „modeste
505 1983 680 2031 etiugetm
697 1982 739 2015 de
751 1989 872 2016 nostre
899 1982 1034 2023 Sacte,“
1085 1978 1214 2016 „chose
1230 1992 1299 2025 que
1319 1980 1397 2014 l'art
1416 1982 1458 2015 de
1483 1982 1516 2014 la
1537 1985 1615 2026 vie,
1639 1993 1673 2016 et
1690 1984 1722 2017 la
1744 1986 1808 2018 sci-

310 2045 376 2068 otc.
397 2045 464 2067 cet.
1055 2045 1059 2048 ·
1085 2043 1192 2066 „enee
1223 2033 1299 2065 d'en
1320 2032 1401 2065 bien
1424 2045 1558 2074 uaer;“
1580 2053 1633 2061 —
1666 2035 1717 2071 „il
1743 2049 1765 2079 y
1788 2049 1809 2069 a

359 2088 398 2126 a)
425 2083 452 2119 l.
481 2082 507 2119 l,
535 2094 615 2130 pag.
647 2085 731 2124 174.
776 2079 957 2125 „l’eacolo
990 2079 1033 2112 de
1083 2081 1140 2117 „si
1156 2092 1224 2125 peu
1243 2081 1446 2120 d'hommes,
1472 2085 1535 2126 qui
1552 2096 1587 2116 se
1607 2096 1742 2118 servent
1766 2087 1810 2119 do

309 2136 528 2181 „Pythagor-e
544 2146 632 2167 nous
659 2146 676 2165 a
705 2133 819 2166 donne
850 2145 905 2167 ses
930 2132 1031 2165 vain·
1081 2132 1138 2169 „la
1149 2132 1372 2178 philosophie
1388 2134 1485 2169 selon
1503 2147 1566 2168 son
1583 2147 1668 2180 vray
1690 2150 1809 2185 usage,

310 2187 598 2233 „superstitieux‚
636 2183 723 2217 celle
750 2184 792 2217 de
823 2184 948 2217 Platon
979 2194 1031 2216 sea
1082 2192 1141 2221 „et
1158 2184 1190 2217 si
1202 2195 1289 2229 peu.
1314 2185 1376 2228 qui
1397 2185 1430 2217 la
1451 2197 1619 2230 ptenuent
1642 2201 1734 2233 pour
1755 2202 1809 2223 re·

312 2251 459 2286 „songea
475 2250 580 2271 creux
598 2236 757 2277 idaim„
779 2261 789 2270 .
814 2263 822 2273 .
847 2262 858 2272 .
883 2247 922 2269 ce
946 2235 1034 2269 n'eat
1082 2234 1225 2273 ,‚mede,
1275 2244 1309 2268 et
1339 2247 1409 2270 non
1441 2250 1532 2282 pour
1559 2250 1740 2273 ornament
1766 2242 1811 2276 do

312 2292 428 2329 „done
448 2301 506 2333 pas
533 2286 731 2324 merveille,
766 2287 813 2324 si,
848 2288 908 2331 n'y
929 2295 1034 2330 ayant
1083 2287 1184 2324 „leur
1195 2287 1262 2323 vie,
1276 2297 1410 2320 comme
1419 2288 1463 2322 ils
1482 2289 1669 2326 devroient
1685 2293 1811 2328 faire-‘¹

309 2343 437 2386 „point
454 2341 495 2373 de
513 2338 710 2384 corruption
723 2337 805 2383 plus
824 2339 954 2384 grande
968 2349 1036 2382 que
1083 2350 1162 2386 pag.
1184 2350 1251 2386 ²73
1271 2346 1305 2371 et
1325 2340 1411 2382 176.

312 2392 396 2429 „des
417 2392 540 2427 choses
563 2385 619 2425 les*
638 2390 717 2436 plus
737 2389 923 2436 parfaites,
949 2388 1037 2423 eeu·
1379 2411 1381 2414 >

1140 2463 1175 2503 F
