2272 3025
818 298 824 316 ,
874 300 878 303 .
980 299 984 314 ,
1082 273 1116 330 '7
1186 298 1388 315 ——q

345 387 458 448 'quid
488 401 641 431 verum
679 386 763 437 sit,
807 385 1047 441 reperisse,
1086 383 1200 425 alios
1232 380 1527 435 contendere,
1571 380 1696 439 quod
1726 380 1855 424 nulla

343 485 415 513 res
446 469 591 526 possit
632 467 822 511 omnino
867 463 1168 507 demonstrari
1199 477 1295 506 esse
1333 478 1460 517 vera,
1512 464 1625 507 alios
1658 462 1856 520 denique

341 552 389 593 in
424 551 679 609 quaerendo
712 562 818 591 vero
852 560 1145 603 perseverare.
1229 550 1327 588 Iam
1356 547 1461 589 illos
1491 545 1702 603 appellari
1733 547 1857 603 Dog-

339 638 518 682 maticos,
538 631 649 672 istos
670 630 938 679 Academicos,
962 626 1045 671 hos
1060 632 1266 687 Scepticos.
1308 633 1474 673 Verum
1498 629 1576 671 has
1598 638 1686 670 tres
1706 625 1857 683 philo-

342 710 526 769 sophias
548 709 676 751 facile
687 709 958 766 intelligitur
970 724 1065 751 non
1086 719 1177 752 tam
1190 711 1353 752 modos
1366 724 1463 752 esse
1482 706 1854 765 philosophandi,

344 805 481 850 quam
503 790 734 842 terminos,
765 790 814 831 in
838 790 1002 846 quibus
1027 791 1226 833 desinere
1245 790 1534 847 philosophia
1556 774 1715 845 possit.
1760 786 1856 829 Pri·

343 854 472 916 mum
486 872 620 924 enim,
634 871 757 929 quod
768 871 1023 913 Academici
1035 887 1193 915 verum
1206 872 1506 915 demonstrari
1523 884 1654 927 posse
1672 877 1856 926 negant,

343 968 525 999 necesse
553 964 623 997 est
652 947 790 1010 aeque
815 952 1057 996 verumsit
1090 966 1141 995 ac
1163 950 1309 1005 illud,
1355 953 1480 1010 quod
1510 947 1858 1009 aDogmaticis

336 1032 616 1084 affirmatum
663 1043 868 1089 recteque
919 1033 1217 1092 Hortensius,
1267 1033 1503 1090 Antipater
1539 1034 1706 1088 aliique
1746 1038 1860 1071 teste

347 1116 562 1157 Cicerone
593 1117 656 1167 g),
690 1122 1044 1154 consentaneum
1067 1114 1384 1155 existimarunt
1415 1116 1480 1166 ei,
1510 1115 1590 1171 qui
1618 1111 1858 1154 affirmaret

345 1198 464 1241 nihil
485 1194 655 1253 percipi
676 1208 831 1251 posse,
863 1209 1008 1236 unum
1029 1205 1181 1236 tamen
1208 1194 1325 1236 illud
1347 1195 1491 1237 dicere
1511 1187 1680 1250 percipi
1712 1204 1858 1249 posse,

343 1287 396 1319 ut
428 1277 597 1334 reliqua
628 1290 725 1317 non
754 1285 954 1330 possent.
1020 1280 1179 1333 Neque
1201 1277 1451 1319 Carneades
1477 1275 1584 1317 satis
1606 1287 1723 1324 vere,
1747 1272 1859 1329 quin

344 1371 403 1399 ne
449 1368 575 1400 acute
618 1358 825 1413 quidem,
866 1367 1022 1399 contra
1061 1359 1197 1400 istam
1238 1360 1551 1415 exceptionem
1592 1353 1856 1411 disputavit.

339 1438 532 1481 Acutius
562 1449 825 1480 nostrorum
857 1439 1019 1494 aliqui,
1054 1439 1154 1495 qui,
1186 1440 1294 1482 dum
1317 1439 1655 1496 persuasionem
1676 1434 1861 1477 firmam

346 1529 389 1560 et
418 1519 624 1561 stabilem
661 1533 754 1561 esse
791 1533 919 1576 posse
950 1520 1228 1573 concedunt,
1262 1522 1378 1563 hanc
1411 1519 1452 1561 ei
1481 1519 1575 1563 vim
1604 1519 1755 1561 inesse
1786 1519 1861 1558 ne-

346 1608 477 1658 gant,
507 1609 560 1639 ut
592 1599 704 1639 alios
730 1600 784 1639 ad
815 1601 1153 1644 assentiendum
1184 1612 1310 1655 recte>⁶
1332 1616 1489 1657 cogere
1529 1601 1685 1656 possit.
1756 1600 1861 1639 Dis·

347 1683 516 1721 crimen
550 1681 713 1735 quippe
749 1679 923 1721 faciunt
964 1681 1083 1723 inter
1111 1682 1160 1724 id
1191 1682 1314 1738 quod
1354 1696 1512 1724 verum
1549 1681 1629 1733 sit,
1666 1689 1711 1721 et
1742 1676 1861 1720 illud

348 1762 470 1818 quod
503 1775 585 1817 pro
612 1775 717 1802 vero
761 1759 999 1812 habeatur,
1033 1763 1250 1814 (obiectIve
1296 1771 1334 1805 et
1361 1764 1567 1805 subiective
1611 1777 1741 1806 verum
1785 1774 1863 1816 ap-

347 1843 560 1900 pellant.)
614 1845 682 1884 De
715 1856 803 1898 quo
836 1841 1042 1897 pluribus
1076 1840 1210 1884 infra.
1276 1844 1364 1885 Hic
1392 1840 1589 1885 sufficiet
1615 1842 1862 1899 monuisse,

348 1924 471 1980 quod
503 1923 555 1964 ad
582 1923 871 1978 partitionem
901 1938 924 1965 a
944 1927 1078 1965 Sexto
1110 1926 1271 1967 factam
1305 1924 1491 1975 attinet,
1523 1934 1601 1965 aut
1628 1925 1677 1966 in
1697 1924 1860 1967 Acade-

347 2005 438 2045 mia
471 2015 629 2044 cuncta
660 2004 897 2055 fluctuare,
927 2015 1005 2046 aut
1030 2005 1156 2047 illam
1186 2006 1282 2048 eius
1316 2006 1538 2048 rationem
1559 2004 1861 2062 dogmaticam

349 2099 464 2136 esse,
498 2098 582 2140 qua
616 2098 756 2125 unum
789 2098 834 2125 se
863 2098 1021 2127 verum
1054 2099 1158 2128 vere
1187 2086 1403 2146 reperisse
1422 2085 1676 2129 contendat.
1713 2090 1863 2145 Atque

349 2166 470 2208 idem
504 2165 637 2208 etiam
680 2164 882 2207 sentiens
914 2171 1095 2220 Sextus,
1136 2167 1423 2210 Academicos
1457 2168 1509 2210 in
1547 2169 1704 2212 multis
1736 2173 1864 2228 Dog-

1358 2296 1608 2310 —--

453 2355 497 2400 g)
519 2352 625 2386 Acad.
652 2353 712 2390 IV,
739 2362 815 2397 cup.
840 2363 881 2394 9.
