2272 3025
958 610 1273 658 CAPv'r
1353 611 1414 659 V.

708 717 795 764 De
849 715 1069 764 secundo
1131 717 1453 781 Scepticismi
1506 718 1695 782 gradu.

560 846 643 888 Est
674 854 827 887 autem
852 845 916 886 ita
948 857 1202 902 comparata
1233 848 1348 891 ratio
1375 849 1597 897 humana,
1636 856 1689 887 ut
1715 847 1766 889 in
1801 862 1951 891 rerum

440 926 584 970 causis
618 926 908 983 explorandis
941 938 1155 983 occupata
1187 929 1241 970 ad
1271 928 1471 984 primum
1502 920 1845 984 principemque
1876 944 1953 970 cu-

438 1007 584 1050 iusvis
621 1005 898 1063 cognitionis
931 1004 1111 1048 fontem
1142 1006 1368 1050 indefessa
1411 1007 1735 1066 progrediatur.
1819 999 1953 1066 Quod.

437 1089 623 1148 quidem
641 1086 691 1130 in
712 1087 907 1145 Sceptica
928 1086 1221 1132 institutione
1245 1104 1384 1147 aeque
1405 1104 1457 1132 ac
1475 1089 1526 1131 in
1548 1089 1648 1132 aliis
1677 1088 1848 1132 factum
1870 1100 1951 1134 est.

436 1171 482 1215 Si
502 1170 626 1213 enim
644 1168 700 1211 ab
720 1169 1057 1234 antiquissimis
1079 1170 1363 1227 Scepticismi
1391 1171 1594 1226 patronis
1625 1171 1812 1213 historia
1843 1172 1955 1214 duce

440 1252 497 1295 ad
519 1265 613 1302 eos,
646 1251 727 1307 qui
745 1252 821 1293 vel
839 1250 1048 1306 proxime
1068 1250 1189 1303 illos,
1220 1252 1294 1293 vel
1316 1252 1531 1308 temporis
1552 1251 1703 1309 aliquo
1722 1251 1866 1308 spatio
1887 1252 1956 1294 in·

439 1331 662 1388 tel-posito
695 1329 838 1372 secuti
867 1341 1001 1381 sunt,
1034 1331 1376 1380 descendamus,
1410 1344 1487 1371 eos
1510 1332 1826 1388 philosophiae
1849 1346 1955 1375 suae

439 1408 743 1457 characterem
773 1409 836 1451 ita
867 1409 941 1450 vel
970 1420 1170 1452 mutasse
1200 1410 1274 1453 vel
1303 1409 1559 1452 excoluisse
1580 1411 1867 1467 reperiemus,
1900 1423 1955 1454 ut

439 1509 646 1546 causam,
687 1507 767 1535 cur
797 1506 880 1548 pro
913 1491 1130 1534 omnibus
1166 1501 1211 1533 et
1241 1502 1397 1533 eontra
1430 1491 1584 1533 omnia
1627 1474 1955 1549 disputaniium

439 1575 598 1630 fuerit,
630 1572 887 1617 exhibeant.
951 1573 1112 1633 Negant
1145 1570 1287 1625 enim,
1322 1574 1504 1616 universa
1534 1589 1617 1617 esse
1652 1575 1715 1618 vel
1731 1578 1953 1620 necessaria

441 1659 676 1718 cognitionis
699 1657 921 1711 principia,
953 1662 1146 1719 negant,
1179 1656 1265 1695 veri
1294 1656 1492 1695 criterium
1525 1655 1741 1698 universale
1758 1661 1874 1712 'posse
1894 1659 1952 1699 in-

440 1741 576 1782 veniri.
638 1739 759 1790 Ergo
779 1748 884 1775 eum
905 1743 1034 1780 antea
1055 1734 1105 1773 id
1124 1733 1263 1773 modo
1287 1732 1598 1785 quaesiissent,
1632 1750 1830 1790 quousque
1864 1744 1955 1777 tunc

444 1818 631 1875 temporis
664 1812 908 1872 cogitando
938 1821 982 1853 et
1013 1810 1293 1867 explorando
1327 1809 1615 1867 philosophia
1655 1813 1952 1867 pervenisset:

443 1900 536 1942 iam
566 1905 779 1952 coeptum
805 1904 875 1936 est
905 1893 960 1935 de
992 1892 1121 1935 omni
1152 1890 1457 1950 cognoscendi
1475 1891 1796 1951 iudicandique
1814 1893 1954 1938 facul-

442 1991 537 2023 tate
560 1982 736 2022 universe
756 1974 1059 2033 pronuntiari.
1122 1978 1178 2016 In
1198 1987 1290 2029 quo
1313 1972 1531 2015 habemus
1560 1990 1716 2018 causam
1734 1975 1857 2019 illius
1878 1976 1956 2024 So,-

441 2060 662 2119 phisticae
691 2056 835 2115 magis
866 2070 1005 2114 quam
1034 2069 1136 2098 vere
1166 2053 1392 2110 scepticae
1411 2054 1599 2096 rationis
1614 2069 1628 2104 ς
1663 2056 1829 2099 etenim
1852 2073 1956 2115 pro..

444 2153 595 2199 pterea
619 2139 811 2196 singulis
843 2138 1020 2195 singula
1042 2137 1319 2192 disputando
1340 2141 1458 2178 recte
1489 2134 1799 2192 opponuntur,
1832 2141 1956 2198 quod

448 2225 511 2267 sic
532 2221 779 2265 clarissime
797 2219 1104 2269 confirmatur,
1139 2217 1343 2260 absolute
1366 2229 1410 2260 et
1430 2218 1639 2260 universe
1659 2234 1814 2262 verum
1836 2222 1957 2264 nihil

449 2319 566 2358 esse3
597 2299 857 2347 cuiusmodi
880 2298 920 2343 si
939 2309 1068 2352 esset,
1100 2297 1222 2356 paria
1244 2297 1412 2355 ubique
1448 2309 1492 2344 et
1522 2298 1775 2346 affirmandi
1809 2311 1852 2344 et
1878 2316 1956 2347 ne-

449 2385 589 2446 gandi
610 2392 841 2427 momenta
864 2378 1017 2424 offerri
1043 2394 1144 2425 :non
1171 2390 1371 2437 possent.
