2272 3025
1111 299 1177 353 56

383 414 446 455 do
477 410 719 466 explicare,
753 416 806 447 ut
838 420 951 463 quae
985 383 1043 448 de
1083 405 1362 462 Scepticismi
1397 407 1635 451 subiectivi
1667 426 1752 454 nee
1791 415 1897 458 ullis

381 490 623 552 principiis
675 487 905 531 innitente
958 486 1008 541 d)
1072 497 1341 540 monentur,
1408 488 1572 531 deinde
1623 505 1738 547 quae
1790 495 1900 552 legi-

384 588 489 617 mus
503 587 519 615 ς.
558 569 846 627 „Scepticum
879 577 1083 624 respectu
1138 568 1193 610 ad
1237 583 1384 612 mores
1437 584 1487 613 ac
1526 570 1647 613 vitae
1696 569 1896 630 discipli-

382 669 490 698 nam
532 654 759 695 rationem
792 664 920 692 suam
938 650 1220 706 argumentis
1258 650 1500 694 defendere
1521 656 1669 702 nolle;“
1702 655 1744 708 ο)
1777 656 1901 713 quod

382 746 436 777 ut
469 733 663 776 omnino
694 731 808 773 velit
827 762 838 781 ,
873 728 1080 785 profecto
1113 746 1213 773 non
1244 732 1546 789 intelligimus
1580 737 1811 790 quomodo
1845 737 1899 778 ab

379 815 569 859 homine
612 813 789 857 sincero
832 821 876 853 et
919 825 974 854 ex
1026 813 1323 869 persuasione
1375 828 1454 855 sua
1506 813 1688 856 fortiter
1741 828 1900 874 agente

381 897 532 955 possit
574 896 743 937 abesse.
809 894 931 935 Illud
975 904 1127 935 autem
1171 904 1287 935 recte
1335 893 1493 945 habet,
1536 895 1661 950 quod
1702 898 1901 953 Sceptica

379 976 564 1022 morum
606 974 812 1016 doctrina
844 987 942 1014 non
972 974 1142 1028 pendet
1176 972 1231 1014 ab
1267 984 1435 1033 eventu
1478 974 1715 1018 subtilium
1749 977 1903 1033 dispu-

326 1093 329 1096 ,
381 1058 610 1100 tationum
626 1050 690 1106 Υ),
726 1054 834 1095 lieet
867 1068 922 1095 ex
952 1054 1223 1096 notionibus
1257 1054 1367 1097 solis
1402 1069 1500 1096 eam
1539 1057 1746 1113 prodire,
1790 1062 1902 1101 cori-

380 1139 540 1182 cedere
570 1135 731 1178 nolim.
794 1135 908 1178 Satis
939 1135 1081 1193 igitur
1111 1135 1212 1177 istis
1244 1135 1359 1177 locis
1401 1136 1580 1178 videtur
1621 1152 1717 1181 esse
1760 1140 1901 1198 signi,

380 1220 591 1270 Beatum,
624 1216 749 1275 quod
781 1216 879 1272 ipsa
909 1215 999 1259 fert
1032 1216 1184 1259 omnis
1217 1217 1496 1273 Scepticismi
1541 1229 1726 1272 natura,
1778 1221 1900 1263 vide-

380 1302 489 1345 lieet
522 1298 846 1342 abstinendum
892 1289 989 1340 esse
1020 1297 1075 1339 ab
1118 1297 1248 1338 inani
1278 1308 1474 1338 extrema
1524 1301 1770 1355 quaerendi
1800 1312 1898 1344 stu-

382 1383 482 1432 dio,
518 1390 584 1420 et
623 1379 673 1419 in
720 1392 800 1429 eo,
850 1376 976 1432 quod
1018 1376 1309 1433 cogitationis
1347 1388 1508 1420 natura
1551 1381 1605 1420 de
1658 1381 1791 1422 rebus
1846 1383 1899 1424 in

379 1464 521 1507 facto>
557 1459 719 1517 positis
772 1456 993 1502 affirmare
1053 1471 1142 1500 nos
1185 1468 1341 1515 cogat,
1391 1456 1514 1501 Bona
1556 1459 1646 1502 fide
1701 1461 1897 1519 acquies-

381 1544 593 1589 cendum.

503 1628 653 1678 Atque
684 1620 736 1662 in
768 1619 928 1662 eodem
960 1618 995 1659 ii
1033 1632 1216 1674 quoque
1259 1618 1598 1673 consentiunt,¹
1621 1621 1700 1679 qui
1741 1624 1897 1665 Kantii

379 1707 479 1751 cell.
513 1701 770 1746 doctrinam
800 1698 1004 1755 Sceptico
1038 1699 1176 1741 modo
1218 1698 1568 1758 impugnarunt,
1613 1705 1827 1748 Schulzium
1855 1707 1896 1756 g)

377 1783 588 1843 inprimis
619 1781 859 1824 nominare
890 1781 1046 1827 liceat,
1080 1779 1243 1819 deinde
1281 1781 1517 1822 Creuzorum
1536 1780 1589 1831 ἢ).
1654 1785 1778 1831 Quos
1803 1797 1896 1826 am-

428 1961 469 2005 a)
497 1958 632 1993 Pan-td.
660 1967 741 2002 pag.
764 1958 838 1996 360
857 1962 893 1987 ot
911 1952 998 1995 362.
1161 1950 1430 1995 Holmsm792.
1445 1953 1602 2000 Magiset
1612 1965 1710 1988 acuto
1721 1959 1895 2002 etperspi.

427 2014 462 2054 ε)
490 2013 582 2045 Pan,
602 2010 651 2044 11.
679 2018 758 2052 pag.
779 2009 875 2051 4¹⁶²
908 2006 1006 2041 „Dor
1030 2003 1110 2037 Ske-
1162 2014 1225 2036 cuo
1243 2004 1286 2036 de
1310 2003 1535 2048 philosophia
1553 2007 1707 2051 Scaptius
1727 2019 1834 2051 aeque
1850 2020 1894 2041 ao

377 2062 516 2110 „ptiker
530 2057 603 2095 will
621 2058 698 2092 sich
718 2058 755 2089 in
776 2057 854 2089 dem
876 2055 1108 2089 moralinchen
1162 2054 1372 2102 Dogmatica
1413 2055 1505 2088 idom
1541 2057 1596 2089 vir
1631 2057 1823 2101 disputavit
1854 2060 1892 2093 in

376 2114 521 2154 „Leben
539 2110 637 2143 nicht
659 2108 874 2153 behauptem
900 2106 987 2140 weil
1013 2119 1049 2140 er
1071 2107 1109 2139 in
1160 2105 1252 2139 libro
1280 2106 1442 2153 egregio,
1478 2118 1587 2151 nuper
1614 2108 1731 2141 odito:
1776 2111 1892 2146 Kritik

377 2167 556 2208 ‚,diesem‚
594 2172 682 2208 ganz
713 2171 753 2194 so
771 2159 841 2192 wie
864 2159 900 2191 in
919 2160 996 2192 dem
1022 2158 1110 2204 phy·
1162 2159 1220 2192 der
1240 2159 1382 2195 theoret.
1397 2159 1626 2201 Philosophia,
1649 2171 1668 2194 2
1684 2160 1769 2199 voll,
1802 2169 1835 2201 8.
1879 2151 1883 2153 λ

379 2217 564 2257 „tiochum
607 2213 666 2244 der
701 2210 921 2253 subjoktivon
953 2209 1110 2246 Vorntel·
1220 2210 1262 2256 h)
1300 2209 1445 2243 Titulus
1471 2210 1554 2242 libri
1578 2221 1648 2245 ent:
1697 2213 1891 2256 Skeptt‘scho

378 2263 564 2315 ,jluugsart
583 2262 711 2312 folgt.“
1045 2266 1047 2269 '
1162 2261 1430 2305 Batracheungm
1468 2262 1547 2294 uber
1574 2259 1630 2295 d'io
1663 2264 1809 2296 Freihoit
1831 2264 1892 2298 dee

422 2317 475 2371 f)
500 2322 538 2354 p,
560 2318 608 2357 11,
634 2317 670 2360 ᾗ,
693 2322 785 2356 715.
870 2342 873 2343 γ
1162 2311 1332 2350 Willens.
1358 2313 1411 2347 Cf.
1428 2315 1581 2361 pag-65.
1598 2315 1690 2358 inpr.
1705 2317 1835 2361 760820

428 2374 470 2418 g)
497 2372 683 2404 Auctorem
706 2366 812 2400 libri:
848 2361 1107 2407 Anesidemus,
1586 2398 1589 2402 ,
1737 2390 1741 2395 .
1821 2359 1823 2361 ’
