2272 3025
1130 330 1197 383 48

391 446 613 491 ,Ceterum
639 435 793 479 minus
824 444 1185 479 consentaneum
1227 445 1340 488 erat,
1383 434 1619 494 magisque
1658 436 1918 486 Academiae

403 520 641 583 proprium
673 527 812 578 quam
843 517 1021 576 Scepsi,
1053 517 1177 576 quod
1209 517 1449 562 intellectis
1479 518 1577 562 istis
1606 519 1671 563 .in
1704 536 1921 579 quaeren-

406 607 466 649 do
499 618 607 648 vero
639 599 961 660 perseverabat.
1023 599 1155 641 Nihil
1187 601 1311 643 enim
1342 601 1566 659 Scepticis,
1599 603 1640 653 si
1670 603 1728 645 ad
1760 618 1921 648 verum

406 688 457 729 in
500 685 678 728 obiecto
720 682 1006 724 reconditum
1045 682 1277 739 perveniri
1318 698 1415 725 non
1468 694 1666 741 poterat,
1712 684 1923 729 relictum.

406 777 511 817 erat,
544 779 682 823 quam
712 773 766 805 ut
795 763 894 806 visa
927 764 1022 807 sola
1054 764 1084 807 i.
1119 778 1155 807 e.
1190 779 1247 806 ex
1278 766 1485 809 sensibus
1506 753 1923 823 perceptionessse-

405 858 679 908 querentur,
721 855 765 886 et
807 845 864 887 ad
903 845 1022 887 vitae
1063 860 1207 903 genus
1252 847 1475 888 eiusmodi
1508 862 1556 888 se
1588 859 1921 899 converterent,

405 930 457 971 in
491 942 581 985 quo
613 936 789 982 praeter
820 927 953 986 istam
985 927 1121 969 fidem
1155 925 1363 968 sensibus
1409 925 1608 968 habitam
1647 928 1919 980 (veritatem

409 1008 705 1055 subiectivam
737 1016 782 1047 et
813 1006 1094 1062 empiricam)
1126 1007 1251 1048 nulla
1287 1021 1334 1048 re
1365 1018 1481 1049 esset
1498 1022 1629 1065 opus.
1645 1011 1675 1062 ι’)
1726 1014 1797 1052 .At
1820 1006 1923 1053 Sex-

407 1103 483 1136 tus
525 1100 569 1132 et
610 1087 666 1132 ab
698 1087 834 1132 initio
865 1091 1258 1146 Hypotyposeon‚
1301 1099 1346 1131 et
1376 1089 1584 1146 pluribus
1616 1091 1728 1135 locis
1760 1105 1924 1145 τουτο,

406 1174 481 1226 ait,
515 1175 650 1229 (puto
684 1184 742 1214 το
776 1170 948 1223 αληθες
990 1186 1015 1224 η
1059 1184 1116 1214 το
1150 1169 1421 1234 ammom)
1466 1185 1529 1215 ετι
1563 1169 1823 1228 ζητουμενς
1852 1187 1925 1216 eo·

408 1269 496 1312 que
527 1255 629 1309 ipso
662 1254 764 1296 vult
796 1266 925 1294 suam
968 1252 1194 1294 rationem
1235 1252 1290 1294 ab
1331 1253 1593 1295 Academica
1634 1253 1923 1310 distinguere,

407 1334 533 1393 quod
564 1333 641 1374 illa
675 1332 789 1373 scire
821 1345 868 1373 se
899 1342 1063 1387 putet,
1106 1332 1226 1372 nihil
1258 1342 1309 1371 ut
1348 1346 1509 1373 verum
1551 1333 1786 1390 cognosci,
1828 1334 1924 1390 ipse

409 1430 514 1458 cum
557 1413 651 1456 suis
683 1412 803 1454 nihil
834 1411 997 1454 audeat
1029 1411 1230 1454 definire.
1303 1416 1357 1454 In
1398 1428 1490 1469 quo
1531 1412 1735 1468 profecto
1765 1414 1924 1456 imme-

407 1512 510 1541 mor
542 1494 614 1540 sui
635 1494 676 1549 k)
709 1493 767 1537 ad
798 1492 1166 1550 antiquissimam
1198 1493 1396 1549 Scepsin,
1429 1493 1510 1539 diu.
1541 1505 1808 1551 superatam,
1841 1496 1925 1539 im·

409 1577 612 1637 prudens
644 1574 844 1632 relapsus
876 1583 956 1618 est.
998 1572 1140 1633 'Quid
1164 1573 1326 1618 enim?
1356 1574 1400 1620 si
1430 1584 1607 1632 accepta
1639 1574 1734 1619 veri
1765 1575 1924 1621 defini·

410 1661 560 1710 tione,
609 1671 697 1714 qua
737 1656 789 1697 in
821 1656 1140 1698 convenientia
1175 1657 1504 1715 cogitationum
1537 1671 1642 1699 cum
1676 1657 1810 1700 rebus
1843 1674 1922 1717 po-

411 1742 551 1786 situm
584 1752 680 1781 esse
712 1735 1009 1788 affirmamus,
1051 1751 1273 1793 negamus
1306 1738 1354 1780 id
1387 1753 1603 1793 umquam
1634 1740 1708 1780 vel
1739 1753 1831 1781 esse
1862 1755 1925 1783 re-

408 1831 596 1880 pertum·
621 1820 694 1862 vel
725 1827 954 1875 repertum
985 1815 1063 1858 iri:
1097 1816 1208 1873 quid
1239 1816 1366 1860 iuvat
1397 1817 1446 1858 id
1477 1831 1699 1873 quaerere,
1733 1821 1855 1876 quod
1872 1822 1922 1865 in

411 1916 549 1947 omne
581 1911 763 1957 tempus
797 1897 1020 1940 amissum
1055 1895 1156 1940 est?
1206 1912 1305 1941 non
1337 1897 1579 1951 amissum,
1610 1899 1689 1942 sed
1719 1903 1923 1946 recondi-

408 1982 540 2027 tum?
572 1997 670 2024 non
693 1979 995 2030 reconditum,
1025 1979 1103 2022 sed
1124 1989 1284 2022 natura
1307 1994 1387 2023 sua
1407 1979 1462 2021 ab
1486 1980 1615 2022 omni
1634 1980 1924 2040 indagatione

410 2061 641 2107 alienum?
683 2065 804 2120 Ergo
832 2060 1157 2103 abstinendum
1187 2060 1346 2104 fuisset
1373 2061 1610 2119 Scepticis,
1643 2062 1767 2104 hunc
1793 2064 1925 2107 insti·

409 2137 604 2188 tutionis
626 2157 730 2185 suae
756 2142 947 2201 gradum
966 2142 1242 2194 tenentibus,
1276 2142 1330 2184 ab
1364 2141 1494 2185 omni
1518 2142 1780 2199 quaestione
1812 2145 1925 2189 circa

460 2287 492 2332 i)
518 2287 596 2319 Hoc
614 2295 717 2317 sensu
738 2284 866 2325 Cicero,
894 2285 1033 2326 Quaest.
1054 2284 1145 2315 Tus·
1197 2283 1331 2315 animos
1354 2283 1601 2326 probabilitate
1619 2286 1804 2327 percussit,
1827 2285 1865 2318 id
1876 2287 1926 2320 di·

412 2335 480 2369 cul.
499 2338 543 2373 V,
587 2337 603 2378 §
638 2345 701 2377 53.
730 2334 785 2368 hi·
803 2335 873 2367 fere
891 2335 1030 2368 verbis:
1070 2334 1149 2366 Not
1197 2345 1328 2370 camus,
1365 2335 1480 2379 itaquo
1499 2336 1566 2367 soli
1591 2345 1707 2368 sumus
1732 2331 1841 2375 libori,

413 2389 465 2421 ica
486 2386 631 2420 vivimus
643 2411 655 2428 ‚
677 2395 735 2429 ut,
761 2386 991 2432 quodcumque
1010 2393 1146 2419 nostros
1248 2385 1283 2432 k)
1312 2385 1368 2421 cf.
1381 2398 1469 2432 quae
1485 2386 1642 2420 diximus
1655 2397 1757 2431 supra
1771 2388 1851 2437 με.
1910 2414 1921 2427 ,
