2272 3025
1067 340 1101 375 2

322 425 444 496 siat,
479 442 553 485 hic
574 437 747 497 singuli
767 424 983 482 audiendi
1006 439 1099 482 sint
1112 473 1123 492 ,
1156 453 1206 482 ac
1227 453 1324 481 rem
1345 436 1395 481 in
1415 436 1509 481 dies
1529 438 1725 486 efficiant
1743 456 1848 500 ope-

332 523 565 566 rosiorem.
632 520 842 573 Accedit,
887 521 1012 577 quod
1035 508 1218 579 gravius
1243 530 1329 572 est,
1370 519 1489 562 inter
1521 534 1680 564 omnes
1721 525 1852 568 scho-

331 602 396 645 las
420 600 697 659 Scepticam,
727 601 767 644 si
798 616 896 644 non
914 611 1159 654 vetustate,
1191 611 1388 643 attamen
1417 601 1699 657 perennitate
1731 603 1852 645 aliis-

334 696 419 740 que
439 696 487 724 se
508 683 778 738 opponendi
810 683 1063 725 constantia
1088 683 1296 726 eminere.
1369 683 1572 725 Platonis
1605 683 1740 734 enim,
1783 684 1852 725 di·-

332 762 430 807 vini
460 762 636 822 ingenii
651 797 662 816 ‚
717 764 1009 820 philosophia
1038 764 1144 817 ubi,
1188 778 1376 822 quaeso,
1417 778 1544 805 nunc
1576 764 1700 821 viget
1710 761 1731 805 ’ἓ
1775 774 1853 806 aut

334 859 451 902 quae
474 855 542 887 est
562 845 683 888 inter
702 860 789 889 nos
808 846 1080 897 Aristotelis,
1103 845 1182 887 diu
1201 844 1418 902 principis
1441 845 1723 902 philosophi,
1755 860 1857 888 auc-

335 924 534 968 toritas?
576 926 679 983 quis
697 927 834 969 hodie
855 939 976 969 amat
1000 927 1175 969 Stoicus
1201 925 1290 965 dici
1312 935 1389 965 aut
1418 924 1699 979 Epicureus?
1741 926 1856 981 quin

339 1005 543 1056 Cartesii,
577 1007 823 1061 Spinozae,
862 1005 1104 1056 Leibnitii‚
1159 1004 1443 1061 aliorumque
1485 1005 1739 1047 doctrinam
1768 1007 1856 1048 etsi

338 1096 448 1128 sunt
471 1085 549 1141 qui
588 1087 724 1128 tacite
745 1096 980 1136 tueantur,
1012 1086 1064 1127 in
1087 1085 1469 1141 philosophorum
1502 1095 1653 1127 tamen
1677 1101 1856 1129 conses-

337 1165 463 1208 sibus
483 1165 564 1208 vix
585 1167 718 1209 ullibi
739 1167 801 1208 ita
820 1167 895 1209 vel
915 1164 1149 1208 defensam
1171 1165 1325 1207 audias
1344 1165 1418 1207 vel
1440 1165 1765 1224 impugnatam,
1789 1178 1854 1219 ut,

341 1247 422 1304 qui
448 1247 503 1288 de
525 1262 573 1290 ea
595 1259 723 1306 agat,
756 1248 852 1290 eius
881 1249 955 1291 vel
976 1258 1192 1304 patronos
1213 1248 1288 1290 vel
1308 1247 1583 1290 adversarios
1605 1259 1855 1304 exspectare

341 1328 559 1374 videatur.
625 1334 684 1372 At
704 1331 840 1388 longe
859 1327 993 1371 aliam
1013 1331 1318 1385 Scepticorum
1341 1328 1560 1370 rationem
1583 1343 1694 1380 esse,
1716 1343 1853 1371 nemo

339 1409 533 1466 ignorat.
603 1411 692 1468 Qui
711 1411 797 1453 etsi
818 1425 967 1468 neque
987 1425 1181 1452 numero
1202 1403 1393 1466 pollent,
1414 1423 1563 1465 neque
1585 1409 1854 1453 clamoribus

339 1489 457 1532 bella
491 1502 703 1544 movent,
736 1502 891 1534 tamen
913 1523 925 1543 ,
959 1500 1011 1531 ut
1032 1491 1232 1547 primum
1252 1489 1462 1531 audacior
1490 1490 1652 1546 aliquis
1676 1504 1744 1532 res
1775 1505 1856 1533 no-

341 1583 419 1613 vas
442 1570 490 1611 in
513 1571 804 1629 philosophia
824 1572 1037 1623 molitur,
1089 1572 1254 1613 adsunt
1285 1571 1503 1622 studiosi,
1547 1571 1730 1627 eiusque
1758 1573 1857 1628 ipsa

338 1651 561 1707 principia
581 1653 641 1694 ita
662 1654 964 1710 impugnant,
999 1663 1050 1693 ut
1070 1667 1218 1709 neque
1249 1651 1546 1693 fundamenta
1579 1652 1728 1707 operis
1755 1663 1855 1696 tuto

338 1731 497 1783 iacere,
519 1747 666 1789 neque
679 1734 805 1775 iactis
827 1733 1083 1774 aedificium
1103 1747 1256 1774 secure
1269 1742 1572 1786 superstruere
1586 1734 1747 1787 possit.
1781 1738 1858 1776 At-

345 1825 431 1868 que
445 1825 498 1852 ex
509 1812 596 1855 hoc
619 1813 720 1868 ipso
744 1813 867 1854 aliud
890 1827 1049 1853 eorum
1062 1811 1285 1853 rationem
1305 1812 1581 1866 explicaturo
1604 1812 1855 1856 incommo-

346 1893 452 1935 dum
471 1894 686 1937 nascitur.
752 1898 865 1936 Cum
896 1893 1019 1935 enim
1040 1894 1270 1949 Scepticus
1291 1892 1482 1949 quisque
1511 1908 1608 1935 non
1632 1904 1724 1935 tam
1747 1895 1858 1952 quid

342 1974 444 2031 ipse
476 1975 660 2032 probet,
700 1988 923 2031 exponere
947 1975 1111 2028 soleat,
1144 1989 1293 2031 quam,
1327 1989 1439 2031 quae
1461 1975 1560 2016 aliis
1595 1985 1673 2016 aut
1700 1977 1860 2033 proba-

343 2056 452 2099 bilia
475 2057 574 2100 visa
597 2058 689 2099 sint
709 2066 789 2098 aut
815 2067 959 2108 certa,
1000 2056 1215 2099 refutare:
1262 2056 1434 2114 singuli
1465 2056 1585 2098 inter
1629 2072 1675 2100 se
1718 2073 1858 2115 aeque

343 2135 438 2179 fere
482 2135 720 2190 differunt,
772 2153 824 2180 ac
875 2138 934 2190 ii,
996 2138 1047 2180 in
1089 2152 1285 2195 quorum
1329 2137 1509 2193 placitis
1541 2139 1857 2183 examinandis

346 2218 692 2276 reficiendisque
737 2229 989 2262 versantur.
1076 2223 1234 2275 Neque
1286 2219 1414 2259 aliter
1452 2218 1501 2260 id
1544 2219 1641 2261 fieri
1692 2230 1854 2275 potest.

346 2302 455 2340 Non
475 2301 622 2352 enim,
655 2311 705 2343 ut
724 2301 923 2356 reliquae
950 2300 1149 2350 scholae,
1181 2313 1258 2341 sua
1299 2298 1345 2340 in
1379 2314 1510 2341 causa
1538 2315 1666 2357 agere
1700 2301 1854 2344 viden-

345 2389 443 2433 tur,
475 2395 623 2439 neque
641 2392 692 2423 ut
711 2376 920 2427 universe
939 2380 1111 2440 aliquid
1129 2379 1208 2424 fiat
1235 2390 1315 2424 aut
1342 2380 1691 2436 demonstretur,
1725 2383 1853 2426 cuius
