2272 3025
1200 338 1538 392 24—-

476 447 722 508 Sophistis,
754 439 856 501 quis
889 449 958 484 est
989 441 1069 500 qui
1100 442 1268 502 neget?
1331 443 1422 503 Qui
1458 458 1563 488 cum
1606 444 1775 501 partim
1807 449 1981 493 decreta

476 529 662 573 decretis
694 530 980 583 'opponentes
1012 525 1168 567 omnia
1198 526 1465 579 miscerent,
1505 526 1671 584 partim
1702 541 1841 584 pravo
1873 544 1982 572 con-

472 610 576 654 silio
616 608 816 665 reliquos
866 605 1099 649 turbantes
1155 606 1243 649 sibi
1291 606 1554 651 subtilitatis
1595 618 1727 666 atque
1769 608 1983 655 scientiae

471 691 655 734 laudem
688 702 843 747 parare
876 687 1129 731 studerent:
1189 691 1455 744 Pyrrhoniis
1497 691 1603 733 satis
1644 689 1758 742 fuit,
1802 690 1856 732 ab
1898 690 1983 732 ista

472 772 615 815 animi
645 771 703 813 ad
736 768 1071 812 decernendum
1111 769 1168 811 de
1198 770 1345 829 {rebus
1385 771 1667 828 proclivitate
1699 771 1786 814 sibi
1817 782 1984 829 tempe-

471 855 605 896 rasse.
669 855 829 909 Neque
861 865 960 892 eam
992 851 1086 893 alia'
1110 851 1165 892 de
1197 867 1328 895 causa
1371 865 1644 914 προπετειαν
1668 853 1984 908 7²)·appellasse

472 933 689 992 putandi·
712 924 847 984 sunt,
891 947 1026 989 quam
1071 933 1195 988 quod
1236 940 1331 974 non
1372 912 1494 973 satis'
1522 930 1788 974 examinatis
1833 947 1984 977 rerum

472 1015 618 1059 causis
650 1028 674 1056 a
706 1011 989 1070 Dogmaticis
1023 1021 1143 1053 esset
1181 1011 1546 1067 pronuntiatum.
1611 1011 1700 1069 Qui
1733 1011 1773 1054 si
1798 1027 1985 1057 omnem

468 1096 533 1139 rei
563 1093 787 1138 ambitum
819 1092 1085 1149 explorandi
1102 1092 1369 1148 patientiam
1400 1092 1683 1146 habuissent,
1715 1094 1983 1139 inventuros

470 1177 650 1221 aiebant
680 1173 846 1227 fuisse,
887 1188 1014 1231 pares
1055 1173 1280 1216 contraria
1321 1174 1551 1217 statuendi
1590 1189 1742 1218 causas
1775 1176 1985 1233 suppedi-

471 1260 572 1301 tari.
639 1262 785 1315 Quare
819 1256 1195 1310 suspendendum
1227 1269 1322 1298 esse
1353 1256 1584 1309 iudicium,
1613 1270 1761 1313 neque
1793 1257 1984 1300 omnino

472 1340 721 1398 quidquam
755 1337 811 1378 de
843 1335 974 1377 rebus
1006 1336 1307 1379 asserendum.
1330 1338 1361 1387 ἰ)

592 1422 707 1462 Ecce
738 1417 934 1473 primam
976 1415 1106 1472 quasi
1140 1416 1362 1472 speciem,
1396 1429 1485 1473 qua
1517 1416 1702 1472 Scepsis,
1736 1417 1985 1462 admodum

468 1502 550 1543 illa
581 1494 1078 1557 quidemlimperfecta,
1113 1496 1334 1552 apparuit.
1395 1499 1559 1538 Parum
1592 1497 1715 1540 enim
1747 1497 1908 1550 aberat,
1943 1498 1990 1540 si.

469 1595 569 1623 non
612 1579 718 1622 satis
761 1587 890 1621 caute
932 1575 1121 1631 sceptici
1161 1575 1479 1629 versabantur,
1529 1562 1640 1633 quin
1681 1578 1738 1619 ad
1777 1578 1983 1620 animum

467 1663 605 1717 plane
634 1660 886 1709 incertum,
928 1657 1365 1714 intemperatamque
1406 1658 1461 1699 de
1493 1657 1707 1700 omnibus
1743 1658 1982 1701 dubitandi

466 1741 709 1786 libidinem
740 1753 846 1781 cum
878 1737 1103 1794 Sophistis
1136 1737 1462 1782 delaberentur.
1532 1740 1668 1796 Quod
1710 1739 1749 1781 si
1780 1741 1982 1783 nonnul-

468 1824 525 1866 lis
558 1822 724 1864 accidit
742 1823 801 1873 k),
844 1833 897 1860 eo
931 1818 1139 1860 evenisse
1171 1827 1412 1872 putamus,
1445 1826 1498 1858 ut
1527 1831 1625 1859 non
1657 1819 1807 1861 solum
1838 1820 1982 1863 incer-

469 1942 676 1984 Anaxagora
698 1933 924 1968 Clazomenio
939 1931 1202 1964 commentatio·
1252 1942 1331 1971 mo;
1356 1944 1444 1976 quae
1466 1932 1592 1965 deinde
1618 1933 1845 1967 characterem
1877 1947 1981 1968 suum

469 2002 533 2027 ne,
569 1999 658 2032 quae
687 1993 800 2018 exstat
834 1984 872 2015 in
895 1982 1200 2023 FtclleborniiB01‘7
1251 1982 1302 2016 ita
1330 1983 1503 2024 mutavit,
1537 1993 1576 2016 ut
1601 1995 1673 2017 non
1700 1985 1770 2018 nisi
1796 1998 1815 2017 a
1839 1986 1988 2030 iudiciie*

469 2046 588 2085 triigen
602 2051 661 2071 zur
673 2035 872 2071 Goschichto
889 2034 948 2066 der
964 2033 1199 2076 Philosophia,
1253 2034 1295 2066 ad
1325 2034 1601 2080 metaphysicam
1637 2036 1874 2081 spectantibus
1910 2037 1983 2071 sibi

470 2104 528 2131 ιο,
550 2088 665 2127 scach,
692 2099 775 2135 pag.
800 2086 885 2122 162,
905 2085 996 2131 impr.
1012 2096 1092 2132 pag.
1108 2092 1196 2119 202.
1252 2095 1401 2120 caveret.
1824 2095 1828 2099 ·

467 2145 558 2188 seqq,
1302 2138 1346 2180 k)
1380 2136 1584 2177 Accidiue,
1618 2136 1784 2183 colligere
1827 2136 1910 2170 licet
1935 2147 1980 2170 ex

517 2194 555 2237 h)
583 2191 692 2227 Valde
719 2188 837 2222 creber
859 2187 957 2221 vocis
988 2198 1074 2220 usus
1103 2186 1199 2231 apud
1251 2186 1315 2225 iis,
1350 2199 1439 2232 quae
1480 2197 1513 2220 et
1551 2186 1725 2232 Diogenes
1760 2188 1802 2221 de
1827 2190 1981 2222 Timone

471 2246 627 2278 Sextum.
699 2241 871 2287 Opposita
927 2239 961 2272 ei
1008 2248 1060 2271 est
1097 2251 1200 2282 απρο-
1252 2247 1287 2271 et
1303 2238 1381 2272 aliie
1398 2251 1473 2283 cap.
1492 2240 1537 2274 V.
1563 2251 1657 2284 seqq.
1688 2239 1813 2275 tradit,
1839 2248 1873 2271 et
1891 2251 1980 2283 quae

471 2308 600 2330 πτωσια
622 2294 873 2339 Scepticomm,
901 2291 947 2325 cf.
961 2289 1199 2335 Diog,Laert.
1252 2289 1289 2322 in
1319 2291 1505 2324 Staudlim‘i
1520 2289 1611 2324 libro
1624 2291 1751 2336 passim
1775 2300 1978 2337 occurrunt,

472 2348 510 2380 in
529 2346 724 2388 Pyrrhone,
752 2356 830 2389 cap.
861 2350 899 2387 8.
1252 2340 1328 2378 vol.
1356 2344 1386 2376 1.
1417 2342 1562 2392 periodo
1589 2344 1617 2376 Ι.
1644 2351 1708 2388 nec
1733 2352 1805 2375 non
1831 2343 1879 2376 11.

522 2398 556 2446 i)
582 2396 696 2434 Habes
721 2409 848 2440 εποχην
875 2405 979 2430 senen
1001 2390 1201 2438 entiquiseif
