2272 3025
754 335 1082 387 -2--·-47

300 439 508 496 explicari
538 454 593 482 ex
624 440 833 495 eoquod
865 439 1067 490 exsistat,
1100 438 1315 494 quoniam
1348 438 1396 478 id
1428 449 1565 494 aeque
1587 437 1802 495 ignotum

300 521 383 573 sit,
426 524 446 577 (
465 534 614 574 επισης
647 532 781 571 ουτος
814 523 1078 578 αγνωςου),
1109 532 1257 576 neque
1288 519 1398 560 adeo
1431 518 1519 561 dici
1550 533 1698 575 posse,
1732 517 1801 561 vi-

294 616 395 644 sum
421 586 825 658 comprehensibile
857 614 964 642 esse⁴
985 602 1142 658 effictum
1175 617 1224 644 ex
1256 616 1310 651 re,
1342 599 1403 641 ita
1427 609 1478 639 ut
1499 614 1603 641 cum
1631 614 1680 642 ea
1700 599 1798 655 ipsa

293 692 534 740 congruat,
568 686 682 735 (απο
706 679 1011 743 ὑπαρχοντος
1033 695 1157 726 κατα
1198 694 1320 724 auro
1356 693 1412 722 το
1444 680 1694 744 ὑπαρχον.)
1727 680 1794 722 Si-

290 763 392 806 mili
415 762 536 805 enim
557 762 730 804 ratione
760 763 890 807 Cicero
908 765 948 820 g)
981 765 1230 806 secundum
1263 767 1494 804 Zenonem
1528 765 1793 819 φαντασιαν

292 843 610 899 explicaverat,
645 843 823 895 „visum
856 842 1125 899 impressum
1168 842 1451 899 effictumque
1483 857 1538 883 ex
1578 857 1631 884 eo
1675 843 1797 884 unde

290 935 429 977 esset,
486 925 615 981 quale
668 939 761 967 esse
812 939 908 966 non
940 936 1092 981 posset
1135 940 1189 967 ex
1232 939 1310 976 eo,
1353 924 1474 965 unde
1507 938 1604 965 non
1638 927 1796 965 esset.“

290 1009 411 1062 Quae
445 1006 596 1048 omnia
632 1006 672 1047 si
704 1010 833 1047 Sexto
874 1020 971 1047 non
1003 1006 1330 1062 probabantur,
1378 1019 1507 1046 causa
1549 1006 1659 1045 haec
1690 1013 1797 1055 erat,

290 1087 409 1142 quod
443 1088 560 1127 male
591 1086 777 1141 putabat
809 1086 961 1143 colligi
994 1101 1047 1128 ex
1080 1102 1159 1138 eo,
1193 1085 1314 1141 quod
1351 1085 1466 1125 adsit
1505 1084 1681 1135 visum,
1721 1084 1798 1124 ad-

293 1165 352 1207 sit
383 1165 609 1221 persuasio
642 1165 697 1206 ad
729 1179 965 1207 assensum
997 1180 1083 1208 nos
1115 1166 1293 1222 rapiens
1326 1176 1370 1206 et
1398 1179 1577 1224 cogens,
1608 1169 1818 1209 exsistere-

288 1247 424 1288 etiam
456 1263 659 1290 causam
692 1246 821 1288 istius
855 1247 927 1288 vel
959 1241 1073 1298 visis
1091 1248 1165 1288 vel
1196 1244 1500 1302 persuasionis
1533 1251 1572 1289 in
1611 1263 1653 1290 re
1692 1250 1797 1305 cogi-

288 1338 380 1371 tata
410 1330 472 1370 vel
496 1336 696 1383 conspecta
727 1330 838 1382 ipsa,
869 1329 1049 1384 effecto
1080 1344 1268 1382 parem.
1334 1332 1532 1368 Tantum
1567 1327 1688 1369 enim
1720 1326 1796 1368 ab·

288 1418 365 1455 est,
399 1417 450 1449 ut
480 1406 710 1463 negaverit
742 1409 914 1459 Sextus,
948 1406 1171 1449 eiusmodi
1203 1421 1311 1460 rem,
1346 1407 1433 1449 visi
1466 1422 1660 1460 causam,
1697 1421 1793 1450 esse

286 1502 431 1545 posse,
465 1497 516 1528 ut
548 1486 700 1542 potius
735 1488 789 1529 ad
823 1485 1120 1539 efficiendum,
1156 1498 1204 1528 ut
1236 1490 1462 1543 persuasio
1494 1493 1674 1532 obiective
1700 1494 1796 1531 vera

290 1578 431 1620 esset,
473 1567 566 1608 eius
608 1570 920 1624 cognitionem
952 1568 1147 1610 maxime
1178 1570 1472 1611 necessariam
1507 1569 1795 1611 existimaret.

287 1654 346 1691 At
376 1662 482 1689 vero
513 1648 628 1687 illud
662 1660 791 1697 εκτος
824 1646 1115 1701 ὑποκειμενον
1144 1637 1214 1704 τῲ
1229 1652 1546 1705 φαινομενῳῆ)
1578 1650 1794 1705 cognosci

286 1742 537 1784 numquam
571 1719 756 1782 poterat.
833 1731 933 1783 Quo
967 1727 1122 1779 flebat,
1155 1739 1217 1780 ut,
1260 1729 1298 1770 si
1329 1730 1403 1770 vel
1436 1728 1629 1770 maxime
1660 1728 1790 1770 firma

290 1819 405 1852 esset
447 1808 589 1849 animi
633 1808 688 1850 de
728 1807 859 1850 reb'us
896 1812 1127 1864 pei-masio,
1162 1823 1216 1850 ex
1249 1824 1301 1851 eo
1336 1820 1513 1863 tamen,
1546 1827 1676 1855 verum
1710 1826 1794 1854 esse

289 1898 498 1950 repertum,
530 1901 781 1947 numquam
813 1898 964 1945 posset
995 1887 1068 1930 vel
1098 1889 1254 1949 colligi
1285 1890 1359 1932 vel
1391 1890 1702 1934 demonstrari.

408 1971 540 2028 Quod
581 1985 684 2011 cum
724 1971 863 2026 probe
894 1975 1055 2013 Sextus
1100 1971 1419 2023 intellexisset,
1464 1974 1571 2014 satis
1613 1973 1697 2014 sibi
1736 1973 1790 2014 ab

284 2052 370 2093 ista
411 2051 784 2106 Dogmaticorum
824 2052 875 2090 in
915 2051 1158 2091 iudicando
1213 2066 1463 2111 προπετειᾳ
1517 2054 1790 2109 temperavit.

288 2142 1288 2156 ——-—-—-—-—

338 2204 381 2248 g)
414 2201 571 2234 Aeadem.
600 2201 645 2233 L.
669 2202 728 2235 IV.
770 2211 799 2232 c.
823 2204 855 2237 6,
889 2203 921 2243 §.
956 2211 1010 2237 ιο,
1065 2202 1187 2233 welche
1214 2203 1403 2245 unmiv’glich
1433 2204 1503 2236 ihre
1525 2204 1716 2239 bastimmu
1734 2207 1793 2238 1η.

290 2257 386 2300 Quae
402 2253 459 2285 hic
476 2251 624 2285 occurrit
642 2256 829 2290 Φαντασιας
856 2251 1012 2285 definitio
1065 2253 1284 2285 dividualiffit
1312 2254 1420 2286 haben
1444 2254 1587 2292 Ιςὸηηιε,
1623 2269 1719 2289 wenn
1742 2258 1792 2290 n’o

286 2308 323 2340 in
345 2303 563 2339 vernaculam
595 2302 748 2349 linguam
774 2303 824 2336 'sie
846 2305 1011 2336 vertenda
1065 2305 1154 2336 nicht
1178 2317 1288 2347 genau
1312 2317 1357 2337 so
1385 2306 1663 2350 hervorgebracht
1689 2313 1791 2344 wilre.

288 2358 447 2389 videtur:
477 2358 550 2389 aine
565 2367 630 2403 von
652 2356 1011 2399 ihromjedesmaligon
1114 2356 1154 2403 h)
1180 2355 1302 2399 Pyrrh.
1332 2358 1429 2402 Hyp.
1457 2360 1494 2395 Ι,
1522 2362 1557 2404 §.
1575 2359 1638 2396 61,

291 2407 533 2453 Geganstando
577 2405 732 2440 bewirkce
770 2406 1010 2451 Erscheinung,
