2272 3025
1104 340 1442 392 42*

378 440 491 485 dum
531 438 837 498 propensione
869 454 923 484 eo
957 457 1100 501 usque
1132 458 1180 487 se
1207 445 1353 503 abripi
1379 439 1541 503 'passus
1574 459 1653 501 est,
1687 463 1749 503 ut,
1783 469 1888 499 cum

378 524 434 566 de
465 522 689 566 universis
720 532 910 565 naturae
935 525 1110 582 legibus
1143 528 1346 584 quaestio
1379 528 1617 581 incideret,
1649 546 1720 574 eas
1751 534 1887 590 ipsas,

376 618 434 648 an
476 604 587 647 tales
630 614 779 647 essent
840 606 994 663 quales
1036 607 1366 666 cogitarentur,
1409 610 1458 651 in
1485 606 1688 655 'dubium
1731 630 1890 657 vocare

377 686 809 743 haudgravaretun
832 687 873 738 c)
918 696 969 727 ut
1009 687 1141 730 liceat
1175 689 1451 748 intelligere,
1486 706 1588 735 eum
1624 708 1681 735 ne
1712 696 1890 737 Mathe·

378 779 478 808 seos
513 765 702 822 quidem
733 765 968 822 principiis
999 767 1061 810 ita
1094 768 1232 812 fidem
1265 763 1489 823 habuisse,
1523 783 1574 814 ut
1608 788 1655 815 ea
1685 774 1890 817 absolute
1920 793 1922 796 ·

376 861 481 890 vera
514 846 856 891 existimaverit.
922 848 1007 889 Sed
1040 849 1148 893 haec
1179 851 1270 893 iam
1302 853 1363 893 ita
1397 865 1653 907 comparata
1686 866 1807 907 sunt,
1842 867 1893 898 ut

380 928 438 970 ad
479 927 692 980 tertium,
728 928 856 984 quod
887 943 1057 984 ponere
1089 931 1139 972 in
1164 932 1316 972 animo
1363 941 1453 983 est,
1496 934 1708 989 Scepseos
1751 950 1893 993 genus

380 1017 531 1063 aperta
562 1008 635 1049 via
679 1007 871 1055 ducant3
915 997 1190 1065 quapropter
1222 1010 1277 1052 de
1308 1011 1398 1053 hoc
1430 1011 1521 1053 iam
1551 1015 1797 1057 accuratius
1833 1016 1897 1060 vi⁴

379 1088 576 1131 deamus.

925 1321 1179 1369 CAPv‘r
1251 1325 1353 1371 VI.

551 1428 646 1476 De
716 1424 925 1474 tertio
997 1427 1412 1493 Scepticismi
1478 1432 1707 1495 gradu.

506 1554 902 1613 Quemadmodum
935 1556 1135 1598 secundo
1178 1559 1390 1614 Scepseos
1430 1562 1573 1617 gradu
1616 1576 1749 1618 supra
1791 1578 1890 1605 mo-

379 1636 567 1679 nuimus
611 1651 788 1677 causam
830 1636 966 1691 primi
1004 1637 1261 1690 proximam
1302 1640 1549 1693 contineri,
1591 1641 1653 1683 ita
1698 1644 1888 1686 secundi

377 1718 523 1761 tertio.
587 1720 827 1770 Inceptum
869 1726 960 1757 erat
1001 1708 1253 1773 pugnantia
1295 1733 1447 1761 secum
1482 1723 1653 1764 decreta
1687 1708 1897 1777 philososs

377 1800 577 1857 phorum
618 1795 845 1845 conferre3
889 1796 1186 1853 quaerebatur
1227 1811 1306 1839 cur
1349 1813 1525 1855 semper
1578 1804 1889 1861 pugnassent?

377 1881 483 1938 quia
512 1878 791 1929 non’datur‚
825 1876 1028 1928 aiebant,
1070 1878 1166 1920 veri
1207 1879 1434 1923 criterium
1468 1882 1743 1927 absolutum.
1808 1890 1890 1929 Ve-

376 1977 479 2004 rum
515 1974 600 2002 nec
641 1960 729 2002 hoc
773 1958 846 2000 vel
882 1957 1130 2012 dictitasse,
1172 1961 1244 2003 vel
1280 1964 1497 2020 exemplis
1530 1981 1714 2024 quoquo
1747 1969 1891 2017 modo>

376 2044 623 2086 illustrasse
667 2038 867 2084 sufficere
907 2050 1095 2096 poterat.
1160 2042 1370 2097 Amplius
1415 2045 1539 2088 enim
1581 2049 1886 2103 quaerebatur,

377 2138 457 2165 cur
496 2136 592 2164 non
637 2122 692 2162 de
734 2121 938 2164 absolute
979 2112 1107 2163 vero·
1132 2122 1302 2180 aliquid
1349 2126 1646 2179 pronuntiare
1697 2129 1885 2173 liceret?

380 2220 477 2248 esse
513 2213 629 2245 certe
669 2202 834 2244 iudicia
867 2203 1127 2244 communia
1161 2205 1400 2257 omnibus,
1445 2221 1540 2250 esse
1582 2210 1748 2252 multas
1782 2225 1883 2253 sen-

443 2402 479 2445 e)
504 2399 531 2436 1.
557 2398 582 2433 l.
610 2410 691 2445 pag·
712 2404 785 2442 ¹¹4
808 2409 902 2444 seqq.
