2272 3025
837 608 1150 677 CAPv'r
1232 605 1329 655 III.

402 741 488 789 De
533 736 768 800 Scepseos
813 734 1100 804 principio,
1151 746 1273 785 ortu
1320 745 1370 783 et
1416 730 1757 784 incrementis.

323 889 639 966 Compertum
680 905 773 949 iam
812 920 867 949 ex
911 907 999 958 iis,-
1032 920 1148 966 quae
1188 906 1416 962 disputata
1464 919 1489 946 a
1534 904 1672 946 nobis
1716 913 1844 955 sunt,

322 992 565 1042 habemus,
600 989 787 1045 Scepsin
819 1002 1030 1040 omnem,
1064 998 1290 1045 quatenus
1324 980 1576 1052 αδοξαςως
1610 1001 1724 1044 quae
1757 984 1846 1027 sibi

321 1088 426 1116 vera
447 1071 687 1114 videantur
717 1071 903 1126 prodat,
943 1083 1042 1111 non
1085 1084 1221 1126 posse
1263 1070 1320 1112 ad
1355 1069 1479 1112 aliud
1519 1066 1846 1126 philosophiae

324 1168 466 1212 genus
487 1150 681 1202 .referri‚
713 1151 791 1193 sed
819 1151 967 1207 ipsam
1013 1151 1288 1193 constituere
1327 1151 1601 1208 peculiarem
1640 1148 1845 1207 philoso-

322 1233 496 1292 phandi
526 1231 764 1274 rationem.
832 1236 977 1290 Quare
1010 1246 1060 1274 ea
1092 1231 1284 1275 omnino
1317 1232 1478 1289 nequit
1521 1246 1581 1273 ex
1607 1231 1704 1272 ullo
1736 1228 1844 1271 scri-

325 1327 455 1374 ptore
476 1313 658 1371 penitus
691 1314 918 1369 cognosci,
951 1313 1030 1355 sed
1062 1328 1357 1370 quaecunque
1379 1328 1479 1363 eos,
1512 1313 1593 1370 qui
1623 1310 1846 1367 Sceptico-

323 1410 426 1436 rum
468 1393 659 1435 nomine
712 1395 954 1446 veniunt,>
995 1393 1233 1436 tradidisse
1286 1394 1566 1449 accepimus,
1599 1392 1842 1450 diligenter

322 1476 477 1519 animo
511 1475 779 1531 perlustrare
802 1476 1035 1525 debemus,
1076 1490 1192 1517 num
1236 1475 1319 1516 illo
1363 1490 1498 1526 sensu
1540 1474 1703 1516 tradita
1745 1471 1842 1515 fue·

322 1557 437 1608 rint,
471 1545 616 1598 cuius',
626 1560 857 1613 principium
881 1568 948 1600 est
965 1557 1015 1599 in
1036 1557 1118 1599 hac
1137 1555 1450 1613 persuasione:
1483 1573 1582 1616 quae
1614 1572 1707 1600 vera
1730 1557 1836 1599 vide·

324 1647 468 1688 antur,
519 1640 595 1677 etsi
648 1640 695 1677 iis
738 1653 811 1678 non
854 1643 1046 1680 assentire
1086 1654 1162 1680 non
1194 1642 1417 1693 possimus,
1461 1647 1590 1680 tamen
1632 1654 1707 1679 non
1739 1638 1841 1680 satis

321 1726 422 1761 recte
463 1717 595 1758 haberi
630 1731 707 1771 pro
748 1719 1051 1772 exprimentibus
1092 1719 1214 1773 ipsam
1254 1731 1385 1759 rerum
1425 1719 1689 1775 cogitatarum
1721 1723 1841 1757 natu·

325 1814 422 1842 ram.
487 1799 541 1837 In
576 1809 666 1852 quo
698 1794 924 1851 principio
958 1795 998 1837 si
1028 1793 1148 1837 forte
1179 1796 1341 1852 aliquis
1374 1796 1599 1853 Scepticns
1632 1795 1719 1837 sibi
1746 1809 1845 1837 non

326 1880 431 1922 satis
454 1877 729 1929 constiterit,
764 1876 897 1920 facile
930 1860 1107 1920 evenire
1139 1877 1310 1935 possit,
1344 1888 1397 1920 ut
1426 1879 1477 1920 in
1512 1877 1704 1937 singulis
1737 1892 1840 1920 eum

322 1959 647 2021 Dogmaticum
678 1958 849 2003 factum
881 1973 1166 2010 censeamus3
1199 1970 1333 2018 atque
1354 1958 1843 2020 vicissim'Dogmatici

325 2041 449 2083 haud
481 2054 580 2081 raro
626 2040 905 2096 reperientur
946 2055 970 2081 a
1012 2042 1166 2097 Scepsi
1216 2057 1459 2099 perparum
1507 2041 1715 2085 abfuisse.
1779 2041 1843 2084 si·

328 2107 428 2166 mili
458 2119 632 2162 ratione
663 2120 856 2161 Kantius
907 2129 1151 2177 utrumque
1192 2122 1509 2178 philosophiae
1550 2135 1694 2180 genus
1715 2121 1845 2164 vide-

328 2207 403 2244 tur
434 2200 733 2244 coniunxisse.
804 2204 1051 2258 Postquam
1093 2200 1216 2242 enim
1258 2201 1308 2243 in
1350 2203 1593 2245 theoretica
1637 2203 1841 2259 philoso—

327 2284 460 2340 phiae
509 2292 633 2339 parte
673 2282 796 2324 varia
834 2282 887 2324 in
929 2282 1081 2325 medio
1121 2282 1325 2340 reliquit,
1358 2299 1486 2341 quae,
1520 2272 1770 2341 quomodo*
1791 2300 1838 2329 se

327 2365 545 2417 habeant,
577 2362 690 2407 ratio
724 2359 1032 2408 demonstrare
1062 2377 1162 2409 non
1201 2365 1359 2423 possit,
1401 2375 1478 2420 ut,
1521 2365 1714 2412 liberam
1742 2382 1835 2412 esse
