2272 3025
1192 347 1532 400 32——

446 458 573 503 ·-stris
593 449 789 499 accidere
811 454 952 507 solet,
993 455 1251 513 saepissime
1284 454 1500 498 accidisse
1528 464 1731 508 constat,
1764 469 1838 511 ut,
1875 474 1973 503 non

460 539 512 582 in
533 537 687 580 eadem
707 550 884 593 semper
913 535 987 578 via
1007 535 1293 589 insistentes,
1327 536 1561 588 docerent,
1595 551 1708 594 quae
1738 537 1796 579 ad
1827 532 1975 583 unum

457 619 673 677 idemque
694 618 973 676 principium
993 618 1232 659 commode
1254 618 1452 661 revocari
1471 633 1568 662 non
1588 630 1786 676 possent.
1818 623 1885 662 Ita
1907 620 1975 673 fit,

460 712 514 744 ut
534 700 746 743 eumdem
774 699 949 751 virum,
980 699 1031 740 in
1060 698 1194 741 variis
1225 699 1429 743 eiusdem
1459 700 1634 759 generis
1663 698 1976 759 philosophiae

459 781 692 840 speciebus
713 795 794 824 seu
814 780 1054 843 ordinibus
1087 781 1387 839 explicandis,
1428 792 1591 825 testem
1617 783 1682 825 rei
1709 792 1891 827 nostrae
1909 781 1974 826 fa-

457 879 559 908 cere
591 864 850 907 debeamus.
1724 853 1736 868 ⁶

586 944 725 987 Haud
745 943 831 985 alia
851 953 918 985 est
939 942 1061 985 Sexti
1085 943 1221 993 ratio,
1266 954 1538 997 quamquam
1570 940 1610 984 is
1634 942 1777 1001 magis
1801 944 1983 1000 perspi-v

459 1040 567 1077 cue,
599 1024 719 1065 nihil
740 1024 814 1066 vel
834 1026 1011 1066 universe
1036 1022 1109 1065 vel
1129 1023 1306 1065 absolute
1330 1021 1385 1063 de
1410 1021 1543 1065 rebus
1564 1023 1700 1066 asseri
1720 1038 1867 1081 posse,
1901 1025 1975 1068 de·-

458 1107 657 1150 claravit.
724 1108 850 1163 Quos
887 1103 1013 1146 enim
1043 1116 1252 1166 τροπους
1275 1116 1353 1157 της
1375 1117 1573 1161 εποχης,
1607 1119 1688 1148 seu
1710 1107 1872 1148 modos
1905 1121 1974 1149 as-

458 1187 686 1233 sensionis
710 1186 974 1230 retinendae
1009 1186 1047 1239 b)
1079 1194 1336 1236 enumerat,
1368 1185 1403 1227 ii
1432 1184 1526 1229 fere
1555 1170 1715 1230 omnes
1744 1203 1798 1230 eo
1819 1188 1974 1233 nitun-

458 1280 559 1322 tur,
593 1269 720 1327 quod
739 1268 860 1310 nihil
887 1266 1036 1324 possit
1057 1253 1390 1319 avrobecnrmwg
1413 1266 1508 1310 sive
1526 1281 1609 1324 pro
1642 1268 1847 1313 absolute
1868 1282 1973 1314 vero

457 1351 696 1401 affirmari,
732 1351 811 1391 sed
832 1350 883 1389 in
908 1350 1036 1389 omni
1058 1362 1106 1388 re
1135 1348 1417 1402 relinquatur
1446 1347 1642 1403 aliquid,
1684 1333 1808 1406 quod
1837 1364 1973 1407 pene-

454 1442 573 1475 trare
605 1445 703 1473 non
729 1430 888 1481 liceat,
919 1438 995 1480 ut,
1028 1427 1068 1471 si
1099 1427 1253 1470 onmia
1275 1428 1571 1483 hypothetice
1590 1442 1693 1470 vera
1721 1430 1838 1482 sint,
1873 1434 1974 1474 uni·

454 1526 585 1557 verse
610 1507 733 1553 haud
757 1509 1011 1568 quidquam
1042 1505 1253 1549 affirmari
1281 1507 1439 1564 possit.
1505 1510 1619 1551 Cum
1640 1519 1790 1553 autem
1810 1512 1975 1570 triplex

431 1594 709 1647 ,modorum
745 1591 935 1632 illorum
968 1588 1103 1630 series
1134 1602 1158 1630 a
1189 1591 1323 1630 Sexto
1361 1588 1647 1631 exhibeatur:
1687 1591 1740 1632 in
1772 1592 1828 1633 iis
1856 1594 1974 1636 iudi-

454 1672 612 1716 candis
634 1670 847 1712 lubenter
865 1669 1099 1725 sequimur
1129 1679 1227 1719 eos,
1263 1668 1343 1726 qui
1369 1682 1393 1709 a
1415 1670 1677 1722 Pyrrhoniis
1712 1674 1971 1717 recentiori-

453 1755 542 1798 bus
564 1751 728 1794 modos
749 1749 1001 1814 antiquitus
1034 1748 1224 1789 traditos
1257 1762 1307 1789 ac
1339 1748 1495 1790 minus
1526 1760 1629 1804 apte
1657 1765 1890 1806 expressos
1912 1755 1969 1798 ad

453 1833 693 1895 pauciores
714 1829 1077 1886 efficacioresque
1097 1827 1307 1869 reductos
1327 1824 1470 1870 fuisse
1491 1828 1788 1885 suspicantur.
1823 1836 1858 1889 ε)
1899 1840 1968 1880 Ita

456 1922 578 1962 decem
613 1914 710 1965 illi,
744 1911 823 1969 qui
848 1910 1006 1966 Pyrrh.
1030 1913 1150 1965 Hyp.
1183 1922 1279 1964 cap.
1308 1918 1379 1961 14.
1417 1910 1734 1966 continentur,
1778 1914 1885 1957 licet
1913 1930 1967 1959 ex

452 2007 581 2057 parte
608 2008 769 2039 verum
800 1986 1012 2048 Scepseos
1033 1991 1331 2032 characterem
1351 1989 1614 2047 exhibeant,
1655 2004 1808 2038 tamen
1823 1977 1966 2039 'inter-

457 2080 568 2121 dum
585 2076 725 2119 nimis
747 2073 1003 2132 sophistico
1025 2072 1164 2114 modo
1199 2070 1414 2128 explicati
1445 2083 1578 2123 sunt,
1611 2089 1748 2133 quare
1781 2077 1963 2121 omissis

453 2146 547 2202 illis
570 2157 622 2200 in
651 2156 853 2214 quinque
884 2152 1203 2212 sequentibus,
1236 2166 1329 2208 cap.
1361 2163 1429 2203 15.
1472 2154 1673 2223 traditis,
1716 2170 1968 2202 commora-

505 2275 549 2322 ὃ)
575 2270 1097 2319 Pyffh·HYP·1·⁰·¹4-
1119 2271 1180 2303 ¹6·
1233 2268 1266 2300 ιθ
1288 2269 1425 2311 Vssyv'»
1451 2279 1488 2300 m
1506 2268 1661 2316 dialogo:
1691 2271 1733 2305 do
1749 2270 1782 2304 la
1810 2270 1965 2316 philoco-

454 2345 505 2354 ....
533 2313 1320 2367 cf.Diog.Pyn·bo.c.11.phie
1343 2320 1549 2364 Sceptique‚
1590 2334 1628 2367 p,
1661 2328 1722 2359 ει.
1762 2323 1823 2355 Et
1849 2321 1964 2390 loqui-

506 2375 540 2423 c)
566 2375 642 2410 vid.
669 2372 843 2410 Stfiudlin.
869 2370 897 2408 l.
926 2369 957 2405 l.
980 2369 1058 2406 vol.
1080 2372 1111 2406 1.
1142 2378 1294 2414 1³.th
1323 2380 1388 2407 res
1403 2370 1492 2418 ipsa.

456 2438 531 2474 4¹0
550 2437 584 2461 et
604 2433 681 2472 413
709 2425 748 2457 in
773 2426 878 2460 notin.
940 2423 1040 2456 Idem
1067 2429 1186 2455 comet
