2272 3025
1066 310 1128 358 55

347 413 656 476 expediamur5
688 426 739 457 ac
768 411 1006 455 reiicienda
1033 413 1164 469 plane
1187 412 1263 455 illa
1286 412 1589 469 philosophia,
1624 426 1751 472 quae,
1775 428 1850 457 ve-

346 511 447 537 rum
471 511 579 547 esse,
597 509 652 536 ex
673 508 725 535 eo
747 494 958 548 probasse
979 477 1029 535 se
1044 493 1275 550 gloriatur,
1290 495 1410 550 quod
1430 509 1532 536 cum
1553 476 1665 537 ideis
1687 510 1757 537 res
1781 496 1855 537 de-

341 577 478 618 beant
500 575 749 617 necessario
771 574 1028 616 convenire.
1092 574 1279 617 Ponitur
1298 574 1345 615 id
1365 575 1547 631 quidem
1570 586 1613 616 et
1632 576 1848 626 creditur3

341 659 418 699 sed
439 641 756 712 philosophiae
784 654 924 704 foret,
959 655 1276 697 demonstrare.
1343 656 1474 712 Quod
1506 670 1609 697 curn
1628 671 1724 698 non
1747 671 1849 713 pos-

339 737 412 790 sit,
445 736 573 778 nulla
608 746 674 778 est
698 735 991 793 philosophia
1022 736 1338 779 demonstrans
1356 735 1453 778 sive
1474 737 1753 795 Dogmatica.

463 817 807 859 Consulendum
859 827 929 858 est·
976 816 1197 859 brevitati.
1263 817 1564 873 Quamobrem
1593 819 1701 860 licet
1731 819 1849 859 mul-

335 909 491 941 torum
542 898 655 940 circa
709 913 804 940 rem
854 909 1061 941 nostram
1120 898 1379 941 testimonia
1448 896 1654 940 conferre
1705 899 1848 955 possi—

335 996 461 1033 mus,
496 979 694 1023 sufficere
736 990 887 1021 tamen
930 980 1132 1032 debebit,
1176 979 1432 1034 aliquorum
1474 979 1682 1021 iniecisse
1721 994 1848 1021 men-

336 1063 520 1105 tionem.
617 1066 822 1118 Quorum
863 1061 912 1102 in
954 1075 1146 1103 numero
1197 1060 1345 1101 virum
1392 1060 1461 1101 111.
1506 1062 1741 1103 Platnerum
1784 1060 1845 1101 ob

338 1158 435 1184 eam
478 1157 657 1184 causam
689 1142 954 1196 ponendum
986 1153 1223 1197 putamus,
1256 1141 1380 1197 quod
1413 1140 1591 1196 saepius
1633 1150 1678 1181 et
1707 1139 1847 1198 signi-

335 1222 490 1266 ficavit
523 1233 566 1264 et
596 1223 758 1265 clarius
797 1222 1002 1264 elocutus
1035 1217 1125 1274 est,
1148 1224 1193 1275 ι)
1237 1221 1427 1278 Sceptici
1473 1235 1570 1263 non
1613 1235 1706 1263 esse
1727 1253 1739 1271 ,
1793 1229 1845 1263 ut

336 1302 570 1344 addubitet
611 1303 815 1362 sensibus
861 1302 1145 1343 obversantia
1188 1303 1259 1355 vel
1301 1316 1415 1357 quae
1458 1302 1709 1342 secundum
1747 1315 1846 1342 sen-

336 1397 438 1424 sum
480 1363 770 1423 communem
822 1382 1101 1432 iudicentur,
1155 1381 1232 1422 sed
1282 1391 1438 1422 contra
1490 1382 1845 1435 metaphysicam

335 1473 516 1505 tantum
547 1462 642 1505 veri
675 1462 912 1520 detegendi
943 1473 1081 1527 artem
1116 1476 1220 1504 eum
1251 1475 1451 1520 pugnare
1470 1466 1537 1514 a),
1578 1475 1725 1520 neque
1768 1476 1845 1519 ap-

335 1544 528 1601 probare
581 1558 657 1586 eos
700 1559 855 1600 posse,
919 1544 999 1600 qui
1051 1543 1342 1601 persuasione
1386 1558 1487 1594 sua,
1549 1543 1846 1600 quantumvis

335 1624 464 1667 firma
497 1635 542 1665 et
573 1625 667 1665 veri
699 1625 893 1679 speciem
925 1624 1141 1674 habente,
1175 1640 1259 1679 pro
1293 1624 1386 1666 veri
1426 1624 1676 1678 (obiectivi)
1719 1624 1846 1666 crite-

335 1707 405 1748 rio
439 1716 622 1747 utantur
644 1706 693 1757 b).
756 1708 866 1747 Esse
898 1705 1105 1762 quidem,
1149 1702 1234 1755 ait,
1274 1702 1447 1746 criteria
1480 1704 1601 1745 haud
1632 1703 1844 1762 ambigua

338 1787 456 1837 eius,
490 1786 613 1841 quod
649 1799 803 1826 verum
837 1786 1037 1827 dicamus
1072 1800 1210 1827 sensu
1239 1790 1471 1837 subiectivo,
1505 1786 1549 1826 h.
1584 1800 1619 1827 e.
1653 1786 1709 1827 de
1750 1800 1843 1842 quo

338 1882 436 1910 non
471 1866 698 1921 possimus
731 1881 828 1908 non
862 1881 956 1909 esse
992 1868 1191 1923 persuasi
1215 1869 1249 1920 c)
1261 1883 1275 1916 3
1317 1877 1361 1909 at
1395 1867 1489 1909 veri
1517 1881 1654 1908 sensu
1687 1867 1842 1909 stricto

337 1948 565 1991 criterium
603 1948 782 1988 nullum
816 1937 926 1989 esse.
993 1952 1221 1992 Hactenus
1255 1949 1408 1990 eadem
1433 1958 1500 1990 est
1520 1948 1716 1990 Platneri
1739 1961 1842 1988 cum

334 2030 509 2070 Humio
544 2028 670 2068 ratio.
736 2028 835 2070 Alia
865 2042 959 2070 non
995 2029 1188 2086 contigit
1231 2044 1369 2086 aeque
1402 2038 1702 2070 consentaneo
1743 2040 1841 2068 mo-

388 2213 430 2259 z)
458 2211 803 2257 Philos,Aphorism.
833 2214 871 2247 Ρ.
885 2214 915 2246 1.
946 2213 1062 2254 §.707
1117 2214 1337 2260 praefationis
1366 2216 1411 2247 ad
1430 2217 1465 2249 P.
1480 2218 1508 2246 I-
1535 2226 1613 2261 pag.
1630 2214 1652 2248 6
1670 2222 1704 2245 et
1733 2225 1790 2248 ιι.

341 2274 378 2298 ot
404 2271 490 2305 708.
1167 2272 1203 2307 c)
1229 2268 1440 2299 Huiusmodi
1464 2278 1500 2298 ea
1521 2275 1613 2302 sunt,
1643 2277 1731 2311 quae
1755 2267 1795 2301 P.
1815 2266 1845 2303 1.

390 2315 435 2361 a)
464 2314 550 2347 lbid.
568 2317 600 2356 §.
613 2320 699 2356 705.
718 2322 809 2345 extr.
826 2316 862 2345 P.
876 2316 961 2357 11‚§.
974 2321 1061 2359 714.
1119 2321 1156 2363 5.
1177 2320 1246 2361 671
1259 2319 1370 2359 -677.
1396 2318 1645 2351 eontinentur.-

391 2363 435 2408 b>
462 2369 498 2405 P.
516 2368 545 2404 1,
575 2369 613 2413 9.
637 2372 720 2409 708.
746 2374 836 2400 extr.
874 2364 931 2401 Cf.
960 2366 1067 2399 etiam
