2272 3025
883 317 1201 371 ..--<44-

394 441 528 471 verum
546 423 646 474 esset
676 421 794 478 (iffa.
826 419 883 463 de
913 438 1005 481 quo
1031 438 1129 467 non
1161 438 1402 482 persuasus
1446 436 1556 468 essez
1581 437 1680 468 non
1719 430 1907 483 possen)

398 511 535 552 statim
545 520 626 563 pro
646 507 830 549 obiective
856 521 954 550 vero
1007 507 1052 562 (i.
1100 522 1138 550 e.
1172 523 1255 564 pro
1297 507 1479 566 cognita
1510 507 1781 565 penitusque
1810 523 1910 564 per.-

396 597 545 645 specta
577 586 644 631 rei
675 584 857 639 natura)
897 588 1067 633 haberet.
1139 591 1249 633 Illud
1287 606 1440 634 accessu
1488 607 1563 634 non
1610 593 1721 633 nimis
1767 589 1912 646 dzfficilae

399 685 503 722 esse,
535 672 587 716 ab
607 671 676 712 hoc
693 671 880 712 mortales
912 671 1060 720 oculos,
1093 672 1259 714 mortale
1280 687 1435 714 acumen
1465 686 1611 728 semper
1648 672 1786 714 arceri.

520 752 644 806 Quae
688 748 874 807 Scepsin
914 734 1156 792 muniendi
1197 751 1312 793 ratio
1360 753 1444 793 etsi
1483 751 1535 793 in
1583 748 1911 792 recentioribus

400 829 562 873 clarior
595 839 663 872 est
692 829 994 888 pluribusque
1026 831 1232 889 vestigiis
1266 831 1574 874 manifestior:
1615 831 1671 873 ab
1712 821 1914 886 antiquis

396 922 552 954 tamen
603 925 703 953 non
744 911 807 954 ita
848 910 1019 964 abfuit,
1064 922 1115 954 ut
1155 926 1251 955 eam
1296 913 1429 969 plane
1459 912 1692 971 ignorasse
1723 908 1915 968 putandi

399 994 525 1045 sint„
568 993 697 1035 Licet
727 992 850 1035 enim
881 992 931 1034 in
972 994 1205 1048 Pyrrhone
1245 1004 1323 1036 aut
1358 995 1555 1038 Timone
1606 995 1798 1051 ipsoque
1829 996 1912 1035 Ae-

395 1074 629 1118 nesidemo
672 1072 839 1117 frustra
883 1088 983 1116 eam
1025 1089 1234 1130 quaeras:
1281 1078 1441 1118 Sextus
1481 1086 1632 1117 tamen
1662 1090 1760 1117 eam
1793 1072 1915 1115 haud

398 1156 533 1200 dubie
563 1164 743 1199 secutus
774 1153 915 1198 fuisse
947 1152 1180 1212 reperitur.
1252 1159 1322 1198 De
1355 1172 1442 1212 qua
1475 1172 1522 1199 re
1555 1158 1704 1211 Pyrrh.
1739 1160 1911 1210 Hypot.

397 1237 505 1280 libri
536 1236 675 1292 primi
703 1246 839 1291 caput
870 1237 1117 1292 septimum
1150 1235 1257 1280 satis
1281 1238 1396 1280 clare
1416 1236 1631 1295 loquitur.
1697 1240 1765 1278 Ita
1789 1236 1913 1277 enim

401 1321 564 1363 Sextus
596 1315 922 1375 Dogmaticum
954 1314 1183 1359 sentiendi
1213 1318 1406 1359 modum
1438 1332 1462 1359 a
1497 1331 1581 1359 suo
1614 1316 1676 1358 ait
1708 1314 1915 1359 differret

397 1399 555 1458 δογμα
598 1410 657 1452 εςι
701 1395 727 1451 ἡ
771 1409 852 1440 τινι
898 1411 1140 1460 πραγματι
1173 1395 1288 1441 των
1321 1394 1597 1449 κατέκτας
1630 1411 1914 1451 επιςημας

397 1478 786 1535 ζητουμενων
832 1477 1071 1531 αδηλων
1115 1480 1476 1539 συγκαταθεσις,
1509 1489 1553 1521 et
1583 1479 1729 1522 addit:
1764 1477 1915 1522 ουδενι
1949 1538 1952 1540 ‚

397 1575 494 1606 των
529 1560 720 1613 αὸηλων
753 1561 1153 1617 onwan-avenae
1186 1559 1212 1603 ὁ
1247 1559 1561 1625 Πυρῥωνειος.
1629 1565 1750 1617 Quae
1792 1558 1915 1612 αδη·

401 1642 476 1686 λα
521 1641 669 1697 qualia
711 1641 827 1692 sint,
870 1655 926 1682 ex
955 1641 1036 1691 iis,
1077 1656 1190 1697 qnae
1222 1643 1365 1698 capite
1398 1646 1465 1686 [V.
1500 1653 1542 1683 et
1574 1645 1625 1684 V.
1659 1642 1713 1683 de
1746 1641 1914 1697 Scepti-

400 1724 540 1765 cismo
571 1721 917 1776 disputavimus,
953 1731 1054 1776 apte
1093 1722 1199 1764 satis
1234 1723 1446 1777 explicari
1473 1737 1573 1763 vnon
1598 1733 1756 1777 potest.
1791 1725 1916 1777 Quae

400 1803 524 1847 enim
567 1800 673 1844 alias
716 1815 999 1857 αντικειμενα
1040 1815 1118 1843 και
1162 1816 1414 1858 μαχομενα
1456 1802 1677 1857 appellata
1718 1800 1913 1853 fuerant,

400 1900 449 1927 ea
481 1884 538 1926 ad
578 1882 807 1940 quaslibet
853 1883 908 1923 de
947 1896 1096 1923 rerum
1141 1893 1300 1924 natura
1336 1882 1586 1939 opiniones·
1610 1883 1911 1939 pertinebant,

396 1979 546 2024 neque
577 1973 764 2023 propter
795 1964 930 2005 aliam
964 1978 1140 2006 causam
1187 1964 1665 2019 incomprehensibilia
1697 1965 1913 2014 videban-

399 2057 489 2097 tur,
522 2057 659 2102 quam
691 2044 815 2101 quod
846 2054 975 2088 certae
998 2045 1110 2088 circa
1145 2059 1193 2086 ea
1221 2049 1471 2101 persuasioni
1502 2059 1598 2086 non
1631 2055 1751 2087 esset
1769 2046 1911 2088 locus.

400 2130 471 2170 Ex
515 2140 607 2183 quo
651 2140 810 2183 genere
851 2139 956 2167 cum
999 2138 1059 2169 τα
1094 2127 1353 2183 φαινομενα
1396 2140 1535 2183 aeque
1574 2119 1722 2169 essent
1762 2141 1811 2170 ac
1852 2139 1916 2171 τα

400 2223 630 2264 νοουμενα
665 2209 718 2260 d),
752 2206 790 2248 si
822 2208 929 2248 haec
962 2207 1115 2249 omnia
1136 2207 1352 2249 deberent
1385 2206 1538 2273 αδηλα
1562 2208 1785 2264 appellari,
1818 2209 1848 2249 h
1875 2222 1911 2249 e.

396 2300 1915 2313 —ss———q—

426 2333 494 2391 ⁴01)
529 2348 555 2382 i.
579 2359 607 2383 ο,
638 2359 726 2392 quae
757 2344 938 2384 sensibus,
983 2357 1015 2380 et
1046 2359 1134 2390 quae
1188 2347 1257 2380 und
1273 2350 1663 2392 innereEr-echoinungen
1682 2347 1908 2392 appellamus.

403 2397 480 2433 solo
497 2397 616 2431 animo
626 2398 887 2443 percipiuntutz
912 2410 977 2433 nos
1000 2398 1144 2444 dassen.
1185 2399 1269 2434 Non
1293 2400 1388 2434 enim
1413 2400 1551 2446 antiqui
1579 2412 1617 2433 ea
1645 2398 1717 2434 βοὴ
1746 2412 1904 2445 νοουμενᾳ
1924 2428 1928 2432 .
