2272 3025
1112 325 1174 359 22

931 597 972 644 C
995 613 1025 643 A
1047 613 1129 643 1²-v
1155 614 1187 642 Τ
1257 597 1363 647 IV.

554 703 653 755 >De
720 704 939 773 prim-o
1012 704 1435 770 Scepticismi
1501 705 1731 772 gradu.

1590 794 1598 814 k

387 818 475 883 Ut
514 837 657 897 igitur
697 836 752 880 ab
797 835 1125 894 antiquissimis
1167 837 1421 889 ordiamur,
1475 838 1582 879 illos
1624 853 1719 880 rem
1762 853 1904 890 suam,

392 936 508 979 quae
542 920 717 977 Scepsis=
745 919 836 961 iam
870 929 1077 975 coeperat
1106 918 1434 975 appellari,.ita
1468 918 1711 974 explicasse
1742 920 1907 976 reperi·

389 1017 507 1054 mus,
537 1011 589 1043 ut
610 1017 691 1058 pro
712 1003 887 1043 omnibus
911 1007 950 1041 et
972 1007 1109 1041 contra
1137 1002 1263 1042 omnia
1283 1009 1328 1040 et
1347 1000 1676 1042 contenderent
1688 1000 1905 1057 disputari

390 1097 551 1140 posse,
586 1092 631 1124 et
668 1080 759 1138 ipsi
801 1079 1095 1137 disputarent.
1178 1084 1302 1137 Quae
1344 1081 1430 1123 etsi
1470 1083 1785 1138 Sophistarum
1817 1082 1907 1138 pri-

391 1179 520 1207 mum
551 1163 665 1205 ratio
697 1161 812 1214 fuit,
841 1171 997 1203 tamen
1029 1161 1084 1202 ab
1117 1161 1175 1205 iis
1209 1161 1265 1202 ad
1296 1161 1526 1217 Scepticos
1558 1164 1785 1216 manavit,
1828 1178 1907 1205 ne-

394 1261 482 1303 que
520 1245 629 1286 huic
682 1242 1001 1299 philosophiae
1046 1242 1199 1299 generi
1242 1252 1352 1285 tunc
1402 1244 1616 1300 temporis
1659 1245 1907 1302 quidquam

394 1341 493 1369 esse
526 1335 704 1382 poterat
736 1324 1132 1366 accommodatius.
1173 1327 1314 1375 VCum
1346 1324 1470 1364 enim
1502 1324 1734 1381 antiquior
1762 1327 1906 1383 philo·

392 1407 554 1465 sophia
587 1406 798 1449 nondum
832 1419 885 1447 eo
918 1404 1212 1460 pervenisset,
1244 1415 1297 1445 ut
1327 1421 1406 1461 per
1437 1405 1551 1447 fines
1585 1407 1753 1447 rationi
1786 1408 1907 1461 posi,

389 1500 472 1542 tas,
502 1501 743 1548 quousque
773 1486 825 1528 in
856 1499 964 1529 vero
999 1486 1256 1544 quaerendo
1288 1486 1500 1543 progredi
1529 1486 1695 1539 liceret,
1729 1487 1905 1531 decreto

393 1569 548 1612 stabili
587 1577 745 1622 posset
786 1564 1027 1607 affirmare:
1092 1565 1141 1606 in
1184 1565 1266 1618 iis,
1310 1581 1423 1623 quae
1463 1567 1520 1608 ad
1561 1571 1733 1609 certum
1765 1583 1907 1627 usque

392 1662 575 1707 tempus
609 1649 684 1690 vel
716 1647 918 1704 quaesita
951 1647 1022 1688 vel
1054 1646 1241 1687 inventa
1274 1646 1479 1699 fuerant,
1532 1659 1625 1690 erat
1656 1650 1907 1693 subsisten-

391 1733 524 1782 dum,
557 1739 602 1771 et
636 1728 693 1771 ad
725 1726 885 1780 fidem,
940 1726 1107 1768 rationi
1149 1725 1198 1768 in
1233 1726 1366 1770 rebus
1399 1728 1569 1771 divinis
1603 1730 1907 1790 humanisque

390 1793 687 1871 praepropere
719 1819 835 1851 certe
865 1808 1090 1858 habitam,
1121 1807 1197 1848 vel
1229 1806 1568 1865 infringendam
1598 1811 1672 1852 vel
1702 1824 1906 1856 everten-

394 1895 523 1942 dam;
558 1889 827 1943 sufficiebam
860 1888 1082 1931 contraria
1114 1902 1248 1945 super
1288 1887 1453 1931 iisdem
1496 1890 1627 1933 rebus
1670 1907 1773 1936 cum
1806 1912 1909 1953 pro-

394 1975 628 2018 habilitate
659 1972 807 2030 aliqua
842 1971 994 2014 doceri
1025 1985 1172 2027 posse,
1206 1972 1451 2015 monuisse.
1515 1973 1744 2017 Nimirum
1778 1977 1909 2033 quid.

393 2058 503 2115 quid
536 2065 646 2097 tunc
678 2052 898 2110 temporis
929 2052 985 2093 ab
1016 2051 1101 2104 iis,
1132 2051 1212 2109 qui
1244 2051 1497 2110 dogmatice
1524 2053 1907 2113 philosophaban-

1678 2212 1685 2215 ·
1850 2216 1860 2225 e

395 2245 463 2278 isto
478 2245 555 2278 veri
577 2242 776 2289 principio,
796 2240 891 2285 quod
919 2239 1045 2273 frustra
1071 2239 1129 2271 ad·
1179 2238 1324 2272 videtm·
1353 2251 1426 2272 esse
1447 2240 1652 2283 perfectum.
1708 2245 1763 2277 De
1788 2258 1828 2278 ρο
1845 2259 1906 2280 au-

366 2312 369 2313 γ
398 2294 469 2327 huc
490 2306 523 2329 et
544 2295 650 2328 dubia
670 2294 729 2326 via
755 2292 952 2338 quaesitum
981 2300 1044 2326 est,
1072 2290 1130 2322 de·
1181 2300 1269 2327 tem,
1295 2291 1379 2335 quid
1397 2293 1569 2339 agendum
1591 2304 1812 2336 censeamus,
1837 2298 1906 2334 alio

395 2347 478 2380 beat
507 2348 599 2391 apud
631 2358 666 2379 se
699 2355 852 2379 statuere
898 2354 938 2376 ac
984 2342 1125 2376 sentiro.
1182 2341 1274 2376 loco.

400 2402 588 2443 Inceptum
622 2409 641 2428 a
681 2396 818 2430 Kantio
852 2406 943 2440 opu·
969 2395 1130 2426 nondum
