2272 3025
1031 350 1037 355 ·
1057 331 1085 376 9

314 429 400 472 tibi
430 443 586 473 verum
607 428 837 479 videatur,
870 426 982 483 quid
1011 433 1064 467 tu
1084 426 1271 482 probes,
1312 441 1515 481 enarres,
1546 426 1678 482 licet,
1721 443 1826 472 cum

312 511 444 554 rebus
475 511 524 554 id
545 517 818 568 congruere,
848 521 947 550 non
966 507 1139 564 {audeas
1167 503 1400 551 affirmare.

429 629 749 668 Verumtamen
781 637 841 664 ne
866 622 1027 679 aliquis
1056 622 1175 664 dicat
1196 631 1363 664 temere
1391 636 1478 665 nos
1499 636 1523 664 a
1558 633 1827 668 nostrorum

308 705 688 764 philosophorum
718 703 896 761 placitis
925 703 1183 757 recessisse,
1225 717 1306 762 age
1340 703 1451 761 quid
1492 704 1736 748 nonnullis
1756 705 1827 763 ‚de

310 787 437 830 hisce
485 785 803 844 philosophiae
851 785 1091 845 generibus
1144 785 1299 828 visum
1339 784 1503 838 fuerit,
1573 786 1823 832 videamus.

307 868 487 912 Scilicet
508 883 562 911 ex
592 868 744 925 aliquo
775 859 979 924 tempore
1008 867 1053 921 ἱ)
1096 866 1145 908 in
1170 866 1547 910 consuetudinem
1579 867 1718 920 venit,
1759 883 1827 912 re-

306 950 554 995 centiorem
594 964 778 1011 omnem
816 948 1155 1006 philosophiam
1176 948 1233 991 ab
1274 935 1523 1007 antiquiori
1560 949 1622 992 ita
1665 949 1827 995 distin-

309 1046 470 1090 guere,
508 1041 561 1073 ut
600 1032 717 1072 hanc
755 1034 1013 1091 dogmaticam
1052 1031 1354 1087 appellarent,
1388 1041 1595 1073 nostram
1634 1037 1824 1076 criticam.

308 1117 468 1171 Neque
495 1113 583 1155 hoc
617 1112 751 1169 plane
780 1120 947 1154 temere
976 1125 1027 1154 ac
1057 1110 1156 1154 sine
1196 1125 1343 1154 causa.
1416 1114 1531 1155 Cum
1561 1112 1685 1156 enim
1714 1113 1827 1173 dog-

308 1194 521 1237 maticam
544 1207 643 1235 eam
673 1192 1005 1251 intelligerent,
1037 1207 1150 1250 quae
1178 1207 1309 1236 coeca
1341 1190 1434 1236 fide
1462 1192 1612 1236 habita
1644 1195 1829 1248 rationi,

311 1277 406 1320 eius
436 1276 645 1327 decretis,
678 1274 898 1333 quoniam
915 1274 1013 1319 veri
1040 1275 1240 1334 aliquam
1267 1274 1462 1333 speciem
1483 1274 1692 1329 habeant,
1714 1286 1828 1320 tam·

311 1374 448 1416 quam
476 1372 624 1399 rerum
654 1367 862 1413 naturam
886 1357 1056 1399 sincere
1074 1339 1443 1413 >exprimentibus
1472 1358 1744 1400 assentiatur
1753 1375 1767 1408 3
1786 1363 1825 1411 k)

311 1440 513 1483 criticam
542 1438 649 1480 huic
677 1438 934 1495 oppositam
965 1438 1178 1480 dixerunt
1196 1438 1345 1488 illam,
1378 1452 1491 1494 quae
1511 1439 1632 1481 nihil
1650 1441 1829 1491 audeat,

309 1521 399 1563 nisi
433 1519 676 1576 exploratis
717 1533 847 1562 antea
890 1519 1218 1563 sententiarum
1256 1518 1451 1561 latarum
1492 1519 1638 1563 causis
1681 1520 1832 1563 omni-

266 1607 272 1611 ‘
311 1614 398 1658 que
425 1599 659 1640 iudicandi
680 1601 1075 1657 cognoscendique
1105 1598 1333 1651 facultate,
1366 1598 1598 1643 affirmare.
1660 1605 1829 1645 Verum

311 1680 449 1722 huius
493 1679 733 1731 divisionis
753 1733 756 1736 ι
776 1678 1127 1721 fundamentum
1173 1679 1374 1735 logicum
1413 1694 1512 1721 non
1551 1681 1669 1721 illud
1711 1696 1827 1735 esse,

366 1885 401 1933 i)
426 1887 483 1918 Ex
517 1897 558 1919 eo
592 1885 726 1920 scilicet
763 1895 944 1932 tempore,
970 1898 1040 1930 quo
1094 1885 1173 1930 quin
1190 1885 1231 1918 ad
1242 1885 1569 1931 philosophandum
1579 1886 1701 1921 debeat
1719 1888 1830 1921 accin-

311 1939 517 1974 KAnwtr,
561 1938 633 1970 viri
673 1938 821 1976 summi.
862 1949 968 1983 opera
1000 1937 1043 1970 ad
1095 1937 1147 1983 gi,
1174 1948 1240 1970 uos
1261 1938 1304 1970 de
1323 1938 1549 1982 penu-sione
1567 1939 1732 1985 generali,
1759 1950 1829 1984 qua.

315 1989 478 2022 criticam
533 1987 800 2033 philosophiam
855 1988 1045 2034 spectantia
1098 1989 1223 2021 ductus
1263 1988 1525 2033 philosophiam
1571 2001 1668 2023 enam
1714 1990 1829 2034 possit

314 2039 407 2072 inter
427 2050 490 2071 nos
515 2049 658 2083 coepere
672 2039 825 2082 probari.
1098 2037 1293 2072 describere
1322 2049 1356 2072 et
1385 2039 1560 2073 exhibere.
1629 2040 1685 2074 Cf.
1722 2041 1831 2073 etiam

366 2090 403 2134 k)
430 2090 494 2121 Est
516 2088 600 2120 haee
626 2090 758 2120 KANT
774 2101 810 2120 11
847 2088 961 2133 ipsius
1003 2088 1047 2121 do
1098 2090 1214 2123 Kricik
1251 2091 1312 2122 der
1344 2092 1459 2123 reinen
1491 2092 1526 2123 V
1526 2089 1678 2134 ernnust,
1717 2092 1824 2126 Vort-

318 2140 514 2188 dogmatica
528 2138 949 2185 philosophiasententia3
969 2139 1046 2173 vid.
1099 2152 1136 2185 p.
1182 2149 1244 2187 35.
1276 2141 1344 2185 seq.
1374 2160 1425 2167 —
1467 2142 1591 2175 Minu·
1617 2151 1712 2175 recte
1739 2155 1830 2176 non-

325 2194 399 2225 eius
428 2193 585 2236 Logia,
613 2202 696 2238 pag.
731 2201 815 2233 150.
844 2191 913 2236 [eq.
969 2192 1050 2234 Quo
1099 2191 1192 2224 nulli
1205 2203 1247 2224 ex
1262 2191 1400 2224 asseclis
1419 2192 1491 2225 viri
1518 2193 1749 2237 celeberrimi,
1766 2195 1832 2239 qui

318 2242 399 2277 loeo
416 2253 496 2276 eum
507 2242 771 2290 Dogmatismue
785 2241 1052 2287 philosophandi
1099 2243 1343 2277 Criticismum
1380 2254 1452 2276 non
1491 2243 1744 2291 Dogmatismo
1775 2257 1833 2280 so·

321 2295 498 2329 methodus
523 2293 730 2339 appelletur,
755 2293 971 2339 intelligitur
989 2293 1052 2327 ali·
1102 2294 1203 2332 lum,
1240 2295 1299 2328 sed
1326 2296 1574 2340 Dogmatismo
1601 2297 1708 2331 etiam
1733 2296 1834 2334 Idea·

323 2358 379 2379 am
408 2358 482 2379 ense
510 2346 717 2379 divisionem
739 2358 842 2391 quam
873 2355 1054 2384 noeti-mn
1103 2346 1249 2380 lienium
1270 2345 1462 2382 voluerunt
1487 2359 1675 2394 opponere.

321 2396 476 2434 Kantius
497 2398 589 2432 enim
611 2398 653 2433 de
672 2398 778 2434 modo
793 2398 962 2444 disputat,
978 2409 1052 2444 quo

1163 2473 1200 2513 B
