2272 3025
0 2964 6 2976 Ρ
82 2974 91 2982 v

343 396 561 457 singulis,
595 394 830 451 effiicitque
852 404 901 436 ut
924 396 1135 441 eumdem
1156 397 1244 441 sibi
1266 399 1648 450 demonstrandae
1667 422 1746 466 της
1767 423 1861 458 των

342 481 654 540 Δογματικων
686 490 967 541 προπετειας
1008 480 1320 539 parandaeque
1380 498 1457 540 της
1498 500 1542 530 εν
1592 500 1688 541 τοις
1739 505 1865 537 κατα

343 553 487 607 δοξαν
529 551 799 621 αταραξιας
845 564 890 611 ο)
962 560 1103 605 finem
1133 576 1332 619 ponant,
1380 582 1477 610 non
1527 569 1619 612 nisi
1666 584 1721 611 ex
1757 572 1867 628 ipsa,

342 652 478 697 quam
500 638 677 697 singuli
701 641 827 684 vario
848 652 1052 699 tempore
1073 654 1117 686 et
1139 656 1296 690 contra
1320 648 1463 692 varias
1494 651 1873 709 Dogmaticorum

343 721 523 764 scholas
549 721 696 768 secuti
716 732 840 776 sunt,
869 726 1175 783 philosophandi
1192 731 1360 783 ratione,
1393 742 1511 775 recte
1531 733 1684 792 colligi
1704 744 1868 790 potest.

339 803 649 859 Quamobrem
690 804 799 846 licet
861 806 936 848 hic
980 807 1200 851 intactam
1249 811 1501 870 relinquere
1541 815 1869 871 quaestionem,

339 883 441 940 quis
480 886 656 942 primus
690 887 877 944 Scepsin
908 889 984 931 vel
1016 901 1167 946 aperte
1205 891 1435 947 professus
1475 895 1561 945 sit,
1621 897 1696 937 vel
1729 897 1868 939 tacito

341 975 528 1005 assensu
558 966 833 1021 probaverit.
875 972 1035 1025 Neque
1056 984 1173 1027 opus
1207 972 1304 1024 erit,
1339 987 1391 1014 ut
1422 975 1611 1031 plenum
1644 977 1868 1031 omnium,

339 1044 599 1101 quicunque
629 1047 937 1102 Scepticorum
966 1051 1156 1094 nomine
1185 1041 1402 1109 appellari
1430 1070 1476 1097 se
1511 1058 1770 1111 voluerunt,
1799 1074 1869 1101 ca·

339 1124 542 1182 talogum
571 1127 865 1184 exhibeamus
876 1146 890 1179 ;
924 1146 1225 1190 quamquam,
1269 1150 1375 1177 oum
1407 1150 1512 1179 suae
1545 1139 1740 1196 quisque
1771 1140 1868 1196 opi-

336 1204 494 1249 nionis
528 1208 733 1265 optimus
767 1210 828 1253 sit
858 1211 1108 1269 interpres,
1151 1229 1228 1258 eos
1261 1217 1394 1259 haud.
1412 1220 1721 1277 negligemus,
1756 1236 1866 1277 quo·

339 1298 444 1327 rum
485 1288 651 1345 scripta
694 1289 926 1349 insignem
971 1297 1277 1351 cognoscendi
1319 1297 1643 1357 iudicandique
1676 1300 1866 1358 Sceptici

338 1371 597 1424 argumenti
628 1372 862 1414 materiam
895 1375 1182 1429 suppeditare
1211 1377 1504 1421 videbuntur.

899 1621 1154 1671 CAPVT
1225 1627 1311 1677 II.

407 1725 492 1774 De
527 1724 901 1797 philosophiae
936 1732 1234 1796 generibus,
1287 1737 1606 1801 Dogmatlco
1645 1725 1817 1806 atque
1860 1768 1862 1770 ·

989 1820 1232 1889 Sceptico.

339 1916 448 1979 Iam
486 1951 591 1979 cum
623 1953 721 1981 non
753 1941 926 1994 Pyrrho
960 1942 1139 1985 Platoni
1171 1946 1246 1987 vel
1277 1947 1529 2000 Aristoteli,
1578 1962 1728 2005 neque
1766 1949 1864 2012 Reif

341 2017 416 2060 dio
459 2019 686 2072 Humius‚
731 2030 783 2062 ut
824 2023 925 2065 aliis
959 2025 1149 2080 placuit,
1203 2028 1280 2070 sed
1314 2029 1523 2072 universa
1556 2031 1865 2087 Scepticorum

339 2098 568 2143 institutio
607 2102 664 2143 iis
697 2103 912 2146 omnibus
943 2109 1212 2164 opponenda
1247 2110 1330 2162 sit,
1384 2112 1463 2168 qui
1496 2112 1552 2153 ad
1585 2127 1681 2153 eam
1714 2127 1862 2169 neque

395 2305 430 2347 c)
458 2307 502 2340 cf.
528 2308 625 2344 Sancti
654 2309 691 2343 P.
715 2309 760 2343 H.
788 2312 815 2345 1,
843 2322 873 2344 c.
897 2323 939 2344 ιο
957 2321 991 2345 et
1009 2322 1069 2349 12.
1127 2318 1272 2349 maticos
1290 2330 1364 2363 cap.
1383 2322 1440 2361 14.
1458 2320 1495 2363 0.
1510 2318 1572 2354 62.
1594 2316 1747 2363 appellat
1762 2332 1856 2354 ⁶1·aeer

337 2358 549 2402 —Ptoptet
567 2361 722 2394 eamdem
748 2374 947 2407 προπετειαν
975 2365 1072 2414 Dog·
1128 2372 1300 2411 φωμενους
1330 2380 1363 2404 et
1390 2373 1752 2416 τεςιαυτολογουντας.

1990 3013 2058 3025 ΑᾸᾺ
2092 3020 2100 3025 .
2159 3016 2183 3025 A
2218 3017 2229 3025 Α.
