2272 3025
1087 289 1417 354 *a*

362 394 557 441 maticos
599 407 715 444 esse,
749 392 798 433 in
836 391 937 435 aliis
966 393 1218 449 Scepticos,
1251 393 1428 451 saepius
1459 390 1717 448 affirmavit.
1771 398 1891 456 Quid

365 479 473 536 ergo
495 473 666 534 proprii
690 471 827 517 illis?
874 483 1097 532 quatenus
1129 474 1184 516 de
1221 474 1360 518 modo
1381 475 1736 532 philosophandi
1760 493 1892 535 quae-

366 560 506 602 situm
537 566 618 618 est.
649 581 710 590 —
765 555 1086 612 Scepticorum.
1108 566 1285 608 autem,
1319 557 1399 614 qui
1428 561 1619 602 acsexto
1635 557 1767 601 tertio
1787 559 1892 604 loco

364 650 628 698 ponuntur-¹,
662 639 961 680 characterem
987 637 1040 678 si>
1066 638 1359 681 concedimus
1391 653 1486 684 esse
1512 646 1730 696 ἐπιμονην
1761 637 1894 695 <aq-21.

369 724 507 773 σεως,
543 718 678 761 facile
700 727 788 759 'est
814 716 993 767 videre,
1047 724 1130 761 eos'
1156 719 1212 761 ad
1253 719 1437 762 nullum
1477 734 1664 778 proi-sus
1693 719 1894 779 philoso÷

365 803 497 860 phiae
530 814 674 860 genus
704 813 838 856 posse
855 796 1035 843 referri.
1097 803 1150 843 In
1177 802 1456 859 'quaerendo
1495 803 1716 845 nimirum
1756 802 1894 859 persi-

367 893 511 928 stunt.
574 876 659 933 At‚'
678 880 772 923 nisi
801 878 951 932 fallor,
984 889 1063 923 aut
1085 892 1314 938 sperantes
1334 896 1491 924 verum
1516 896 1540 923 a
1574 896 1623 924 se
1641 882 1895 925 ‚inventum

373 965 457 1017 iri,
491 973 571 1006 aut
594 963 729 1004 hacce
748 974 832 1018 spe
858 961 1080 1004 destituti.
1144 962 1189 1004 Si
1209 962 1322 1014 hoc,
1353 960 1558 1019 profecto
1580 962 1812 1020 pueriliter
1830 962 1896 1007 fa-

367 1047 518 1097 ciunt,
571 1042 652 1100 qui
688 1042 739 1083 id
776 1045 944 1099 ·agant,‘
993 1042 1119 1098 quod
1158 1043 1286 1084 nulla
1316 1044 1432 1085 ratio
1471 1043 1705 1099 probabile
1737 1045 1897 1087 reddat

368 1123 491 1169 effici
521 1137 655 1183 posse
665 1138 680 1174 ;
711 1121 785 1165 sin
816 1121 958 1175 illud,
991 1123 1047 1165 ad
1078 1124 1377 1182 Dogmaticos
1417 1125 1658 1178 accedunt,
1702 1126 1896 1183 Sceptici

369 1221 469 1250 esse
494 1205 725 1248 desinunt.
788 1206 862 1245 An'
893 1211 1026 1254 vero,
1061 1210 1294 1263 utcunque
1328 1192 1495 1249 ista⁴se
1522 1206 1731 1260 habeant,
1763 1223 1896 1250 num-

368 1302 505 1346 quam
527 1284 783 1343 quaerendi
813 1283 960 1328 finem
988 1283 1187 1329 facient?
1220 1290 1444 1344 Quaerent
1480 1288 1645 1345 igitur,
1679 1298 1732 1331 ut
1764 1303 1894 1346 quae-

368 1367 506 1412 rant?
539 1367 707 1410 Nescio
732 1376 864 1418 sane,
898 1376 1054 1407 utrum
1080 1366 1325 1409 ridendum
1358 1368 1444 1419 sit',
1477 1382 1534 1410 an
1558 1369 1713 1425 potius
1737 1370 1897 1412 dolen-

371 1452 494 1494 dum.
537 1446 767 1490 ⁴Profecto
798 1447 922 1491 enim
956 1450 1142 1500 Sextus,
1180 1464 1285 1490 cum
1326 1448 1455 1490 illam
1495 1449 1895 1506 philosophiarum

371 1530 649 1575 divisionem
671 1526 853 1579 faceret,
875 1526 980 1569 licet
1004 1542 1102 1571 eam
1125 1528 1353 1572 interdum
1377 1540 1557 1572 secutus
1571 1530 1642 1583 sit,
1664 1532 1703 1584 ἢ)
1734 1546 1895 1587 parum

372 1615 469 1670 ipse
498 1611 589 1654 fuit
615 1609 937 1666 philosophus.
971 1612 1193 1652 Maneant
1219 1610 1358 1668 igitur
1378 1611 1469 1652 duo
1499 1611 1610 1664 ista,
1643 1612 1897 1670 &Diogene

370 1693 633 1741 constituta,
666 1702 828 1747 genera
858 1689 1205 1746 philosophiae3
1243 1691 1299 1732 de
1329 1691 1635 1742 Academicis,
1678 1705 1769 1747 quo
1789 1693 1893 1733 loco

345 1761 580 1833 'ponendi
604 1770 719 1821 sint,
751 1780 909 1826 postea
931 1770 1203 1813 videbimus.
1268 1770 1500 1827 Quidquid
1542 1771 1663 1813 enim
1689 1772 1897 1828 philoso-

369 1856 476 1914 phia
502 1854 658 1906 docet,
690 1851 740 1894 id
767 1865 953 1894 necesse
978 1861 1046 1894 est
1078 1861 1154 1893 aut
1185 1866 1233 1895 ea
1253 1862 1404 1894 mente
1434 1853 1660 1906 tradatur,
1693 1864 1745 1895 ut
1763 1854 1893 1897 abso-

369 1940 467 1981 lute
494 1950 598 1978 vera
627 1944 671 1976 te
690 1933 879 1989 prodere
906 1942 1038 1989 putes
1070 1947 1265 1989 cumque
1294 1933 1427 1975 rebus
1460 1933 1696 1991 cogitatis,
1720 1936 1892 1991 quales-

375 2022 558 2075 cunque
579 2016 704 2073 ipsae
736 2015 854 2067 sint,
887 2014 1080 2058 omnino
1116 2003 1563 2067 convenientia,‘aut
1584 2014 1671 2067 ita,
1706 2025 1757 2057 ut
1782 2016 1893 2073 quid

427 2249 466 2294 h)
492 2247 548 2282 Ex
564 2260 619 2295 gr.
639 2247 725 2280 dum
739 2245 878 2291 Scepsim
898 2245 1020 2279 definit
1034 2257 1108 2278 esse
1159 2246 1317 2290 piantur,
1340 2245 1493 2280 conferat
1508 2246 1600 2279 inter
1619 2257 1654 2279 ιο
1679 2253 1712 2278 et
1734 2253 1893 2291 'opponat

375 2300 587 2337 facultatem,
613 2311 702 2344 qnae
720 2299 877 2340 tenuibus
897 2298 1108 2343 apparentia,
1160 2297 1320 2341 quoiibet
1344 2299 1473 2336 modo}
1508 2298 1637 2343 Pyrrh.
1664 2299 1758 2346 Hyp,
1799 2301 1839 2335 L.
1859 2310 1887 2335 1.

375 2361 409 2385 et
424 2364 461 2384 ea
483 2362 572 2395 quae
600 2360 714 2384 mente
736 2360 770 2384 et
792 2349 975 2384 intellectu
1001 2348 1113 2394 perci·
1164 2360 1195 2383 ο.
1226 2362 1265 2396 4.
1626 2351 1629 2355 ’
