2272 3025
908 337 1245 387 --——18

440 445 584 490 cretis
616 441 888 487 decernendi
917 442 1110 486 modum
1142 443 1450 502 dogmaticum
1473 457 1672 487 servasse
1699 447 1751 494 ⁰).
1784 457 1858 482 .:-·
1876 452 1963 492 Ne·-

448 542 538 585 que
568 526 736 567 rectius
769 524 872 576 alii,
932 539 1048 582 quos
1081 525 1268 567 historia
1302 525 1455 582 prodit
1486 526 1826 583 antiquissimos
1858 529 1964 571 illos

446 606 748 665 physiologos
785 606 928 665 magis
961 620 1095 664 quam
1127 606 1429 663 philosophos
1463 621 1558 650 esse
1590 618 1778 651 secutos.
1877 607 1966 665 Qui

450 704 616 748 quum,
651 688 921 743 comparatis
953 697 1204 730 ceterorum
1237 688 1558 746 opinionibus,
1602 691 1720 733 haud
1753 689 1882 733 facile
1911 688 1966 731 li·-

448 785 584 829 quere
615 770 948 828 intelligerent,
988 770 1039 812 in
1073 784 1209 828 quam
1242 771 1534 828 potissimum
1567 772 1836 815 sententiam
1870 770 1964 813 ania

447 866 552 895 mus
586 851 707 894 flecti
741 852 942 894 deberet:
985 867 1081 894 rem
1112 852 1248 894 initio
1282 853 1492 904 dubiam,
1534 866 1646 895 mox*
1676 868 1862 909 prorsus
1895 853 1966 896 in·

449 944 617 978 certam
650 933 993 984 existiman-'unu
1026 934 1191 976 deinde
1214 933 1486 988 opinionum
1511 933 1767 975 diversitate
1797 935 1846 975 in
1868 934 1965 975 dies·

449 1024 593 1064 aucta,
627 1013 822 1068 amplius
844 1013 1101 1070 quaerendo
1133 1013 1185 1054 in
1217 1026 1297 1055 sua
1323 1014 1546 1071 opinione
1579 1014 1849 1066 confirmati,
1871 1020 1964 1056 arte

447 1110 526 1138 sua
560 1095 825 1137 dissidentia
858 1094 976 1136 inter
1009 1108 1056 1136 se
1098 1093 1366 1136 conferendi
1402 1106 1634 1151 tantopere
1669 1096 1757 1137 sibi
1789 1097 1964 1152 planae-

445 1186 580 1229 runt,
635 1185 688 1217 ut
726 1188 874 1217 novae
913 1173 1347 1231 philosophantium
1389 1186 1532 1219 sectae
1572 1191 1747 1218 nomen
1789 1178 1962 1226 darent,

445 1257 680 1315 ipsiusque
723 1256 969 1314 sapientiae
1007 1270 1166 1299 vocem
1210 1268 1474 1314 usurpantes
1517 1259 1709 1315 σοφιςαι
1750 1256 1963 1314 appellari

446 1339 641 1390 vellent,
676 1349 907 1395 tamquam
936 1338 1008 1389 id,
1042 1338 1165 1394 quod
1198 1351 1357 1380 omnes
1390 1347 1633 1394 quaerunt,
1668 1351 1721 1379 eo
1753 1335 1961 1388 assecuti,

445 1420 571 1478 quod
616 1419 816 1475 reliquos
860 1432 957 1460 non
1001 1428 1230 1459 assecutos
1273 1431 1369 1459 esse
1411 1418 1732 1459 ostendissent.
1817 1420 1964 1472 Quam*

447 1500 763 1555 Sophistarum
805 1499 1032 1540 rationem
1072 1499 1156 1540 etsi
1199 1512 1303 1539 cum
1346 1501 1524 1540 Socrate
1566 1498 1698 1540 valde
1738 1495 1962 1552 improba·

445 1594 573 1633 mus,
609 1591 762 1621 tamen
795 1592 851 1620 ex
886 1592 1041 1619 eorum
1076 1577 1220 1620 turbis
1241 1579 1424 1635 Scepsin
1457 1563 1830 1636 antiquissimam,
1863 1590 1960 1618 rem

441 1660 650 1717 profecto
695 1660 962 1709 salutarem,
1007 1659 1243 1700 emersisse
1283 1659 1403 1699 haud
1446 1657 1713 1708 diffitemur3
1763 1672 1859 1699 non
1902 1670 1955 1698 eo

444 1742 570 1800 quod
600 1751 702 1781 tum
733 1738 870 1780 fuerit
904 1739 1175 1788 dubitatum,
1209 1739 1489 1789 (dubitamus
1523 1741 1647 1780 enim
1669 1720 1976 1789 omnesfne:

444 1837 532 1882 que
577 1820 637 1863 ob
679 1820 726 1862 id
768 1819 959 1876 sceptici
1002 1822 1213 1873 sumus3)
1278 1819 1357 1861 sed
1399 1819 1503 1876 quia
1536 1820 1791 1877 Sophistae,
1839 1819 1958 1861 nihil

443 1904 555 1946 certi
598 1902 897 1958 opinionibus
942 1900 1151 1942 humanis
1194 1900 1344 1942 inesse
1387 1911 1689 1944 monstrantes
1733 1913 1958 1956 omneque

441 1999 602 2029 verum
638 1984 694 2025 ad
727 1983 803 2025 illa
839 1998 957 2046 προς
989 1996 1031 2025 τι
1064 1982 1286 2037 pertinere
1309 1983 1638 2024 contendentes
1675 1983 1729 2034 b),
1763 1982 1958 2024 omnino

495 2150 534 2194 a)
561 2152 613 2182 Eo
632 2149 805 2181 referenda
824 2157 907 2181 sunt
926 2147 1034 2180 multa
1054 2159 1098 2180 ex
1116 2148 1174 2185 iis,
1227 2152 1374 2192 Βρφπος.
1433 2150 1508 2192 Qua
1532 2148 1700 2181 sententie
1729 2159 1807 2183 cnm
1830 2159 1956 2182 verum

447 2213 534 2247 quae
551 2203 640 2233 Exe.
659 2200 874 2234 Smmuinius
896 2200 1055 2241 tradidit,
1077 2199 1176 2241 libri,
1229 2199 1267 2231 in
1294 2200 1411 2243 alique
1441 2199 1609 2232 relatione
1643 2202 1828 2233 consistere
1864 2201 1955 2231 dica·

445 2254 640 2287 Gen-hicme
656 2252 728 2285 und
744 2251 841 2283 Geist
859 2250 1176 2293 desSkepticismus,
1230 2258 1287 2281 tur
1300 2272 1310 2285 ,
1345 2249 1491 2282 omnino
1523 2249 1676 2285 tollitur.
1701 2269 1751 2279 «-
1791 2251 1955 2282 Ceterum

442 2302 517 2340 vol,
541 2305 569 2335 1.
597 2315 630 2348 p.
665 2301 736 2343 156
749 2320 800 2328 —
817 2310 899 2335 200.
1231 2300 1274 2333 de
1287 2300 1353 2333 hac
1371 2302 1534 2346 Scep-00·
1558 2314 1602 2335 ex
1615 2301 1864 2345 -Sophinerum
1884 2311 1956 2334 arte

493 2354 533 2394 b)
566 2354 763 2385 Menunerit
784 2352 893 2389 lector
922 2352 1026 2384 istius
1057 2354 1177 2384 Prota·
1230 2353 1366 2397 origine
1393 2364 1461 2384 uon
1481 2354 1564 2387 satie
1585 2363 1666 2384 vere
1682 2353 1850 2387 *staudlin
1886 2351 1907 2389 l.
1924 2351 1949 2386 l.

443 2416 569 2453 gorne:
598 2405 648 2438 ὁτι
679 2416 801 2450 μετςον
833 2416 967 2437 παντων
985 2416 1051 2444 εςιν
1085 2404 1100 2437 ὀ
1123 2415 1177 2436 αν-
1229 2415 1263 2450 p.
1290 2403 1382 2445 226:
1410 2405 1466 2440 die
1491 2405 1673 2450 Sophiam
1704 2404 1949 2440 vorbreito·
