2272 3025
1137 334 1199 366 10

399 451 491 494 quo
525 432 752 494 Diogenes
787 432 1035 476 discrimen
1066 433 1364 492 Dogmaticos
1395 433 1514 480 inter
1547 443 1681 491 atque
1713 439 1921 495 Ephecti-

399 532 475 561 cos
509 518 833 570 constituerat,
877 516 955 559 sed
998 531 1095 559 esse
1126 521 1344 561 methodum
1385 527 1519 575 atque
1550 521 1802 575 prudentiam
1832 524 1921 577 phi-

396 601 650 657 losophandi,
686 603 780 655 (ut,
815 599 854 641 si
877 598 1066 640 Criticus
1099 598 1187 640 dici
1214 599 1344 651 velis,
1375 614 1471 641 non
1496 599 1782 656 inexplorata
1816 610 1921 646 ante

396 673 442 722 et
470 682 541 722 via
588 692 633 722 et
665 692 742 722 tua
776 679 990 721 facultate
1023 679 1247 737 quidquid
1288 681 1586 737 praecipias,)
1619 692 1663 722 et
1692 680 1823 722 facile
1855 692 1922 722 est

393 762 627 805 intellectu
639 775 660 815 ,·
699 772 745 804 et
774 761 888 819 ipsis
921 777 1104 814 eorum,
1156 763 1236 819 qui
1265 763 1382 804 illud
1425 763 1668 805 discrimen
1701 764 1918 816 fecerunt,

392 843 671 904 testimoniis
707 843 1017 886 confirmatur.
1037 845 1104 895 Φ).
1193 847 1338 901 Quare
1372 843 1409 886 si
1440 844 1495 886 ad
1527 854 1684 887 nostra
1717 845 1917 901 philoso-

391 925 526 983 phiae
579 940 739 983 gener-a
790 926 909 968 hanc
959 926 1165 967 methodi
1223 924 1555 981 partititionem
1614 927 1916 979 revocaveris,

393 1007 743 1064 Dogmaficum,
778 1006 857 1063 qui
877 1020 1003 1048 nunc
1024 1005 1214 1057 dicitur,
1258 1019 1396 1063 aeque
1436 1020 1486 1048 ac
1524 1006 1741 1050 Criticum
1782 1007 1916 1050 intel-

389 1073 500 1145 liges
541 1103 674 1144 posse
722 1085 1045 1148 δογματιζειν,
1088 1087 1137 1129 in
1181 1088 1340 1143 primis
1384 1097 1533 1130 autem
1576 1089 1780 1131 criticum
1824 1100 1917 1133 tarn

392 1170 647 1227 dogmatica
683 1185 820 1227 quam
864 1170 1053 1226 sceptica
1086 1169 1262 1211 ratione
1288 1170 1615 1226 philosophari.
1681 1173 1915 1230 Δογματι-

391 1247 531 1311 ζουσι
567 1252 690 1293 enim
725 1266 884 1294 omnes
918 1253 992 1303 ¹⁷¹),
1026 1250 1117 1307 qui,
1151 1251 1373 1307 quidquid
1407 1266 1673 1308 quacunque
1706 1253 1761 1293 de
1783 1268 1914 1296 causa

388 1332 594 1386 tradant,
628 1333 676 1375 id
708 1348 867 1376 verum
901 1347 999 1375 esse
1030 1342 1194 1389 putant
1224 1332 1310 1384 ita,
1346 1342 1396 1372 ut
1428 1341 1548 1375 extra
1581 1336 1655 1376 vim
1687 1338 1824 1377 mentis
1851 1351 1910 1379 co·

381 1417 578 1473 gitantis,
623 1416 711 1456 hoc
756 1425 826 1457 est
866 1415 915 1455 in
960 1428 1112 1454 rerum
1165 1423 1351 1467 natura,
1395 1416 1571 1457 exsistat
1604 1416 1773 1473 aliquid,
1806 1420 1912 1474 quod

376 1500 630 1552 persuasioni
662 1500 923 1540 sententiaeve
954 1513 1049 1538 suae
1079 1499 1327 1552 respondeat.
1398 1495 1451 1536 Id
1485 1504 1622 1550 prout
1652 1511 1674 1537 a
1709 1496 1910 1552 philoso-

382 1575 487 1632 phis
519 1577 592 1619 vel
624 1577 674 1618 in
708 1590 756 1618 re
788 1577 1040 1619 necessario
1075 1576 1342 1628 exsistente,
1386 1578 1615 1633 (absolutes
1648 1577 1805 1636 Seym)
1835 1579 1908 1621 vel

380 1657 430 1699 in
475 1659 727 1701 necessaria
779 1658 1111 1715 intelligentiae
1153 1669 1313 1699 natura
1356 1661 1488 1714 (reine
1520 1660 1695 1710 Ichheit,
1729 1662 1906 1703 absolute

380 1739 647 1797 Handlung),
683 1738 885 1794 positum
920 1738 1023 1789 fuit,
1057 1740 1120 1780 ita
1151 1739 1262 1791 ipsis
1296 1738 1372 1777 vel
1404 1738 1782 1793 Dogmaticorum
1803 1754 1904 1782 sen-

431 1899 464 1944 l)
493 1898 548 1933 Cf.
573 1897 736 1943 inprimis
759 1896 977 1932 Sennxns
1004 1896 1118 1931 lsViir-

376 1950 513 1983 urbach
545 1950 605 1982 der
649 1950 724 1986 kn‘t,
767 1948 1009 1992 PhIIosophs'e,
1048 1958 1112 1984 art.

376 2003 610 2038 criticismm,
645 2000 939 2048 Dogmatismus,
977 2000 1117 2032 Metho-

376 2053 418 2086 de
441 2053 486 2090 al.

389 2126 395 2131 ·
452 2103 502 2148 m)
552 2103 732 2148 Propriam
772 2101 863 2134 ham:
899 2113 972 2134 esse
1014 2101 1113 2134 vocis

377 2154 682 2202 significationem,
698 2165 807 2197 neque
821 2155 931 2198 δογμα
945 2152 1112 2197 placitum

376 2207 555 2251 quodlibet
574 2217 649 2239 esse
667 2205 926 2249 appellandum,
956 2217 999 2236 ex
1020 2205 1112 2237 mul-

375 2259 421 2290 tis
449 2257 737 2304 tam,Diogenis,
773 2268 878 2300 quam
902 2256 999 2289 Sexti
1027 2256 1112 2288 alio-

373 2321 524 2353 rumque
553 2313 764 2354 scriptorum
791 2308 876 2341 locis
913 2317 1028 2352 potest
1050 2308 1111 2340 do·

372 2361 457 2394 ceri.
514 2362 561 2391 Et
583 2362 709 2393 Sextus
734 2360 876 2402 quidem
904 2360 1014 2403 ὃο-γμα
1037 2370 1110 2391 esse

373 2414 422 2447 ait
441 2426 501 2454 την
521 2425 583 2444 τινι
604 2412 712 2453 away
733 2414 1006 2454 συγκαταθεσινς
1030 2412 1108 2452 αδη-

1170 1899 1228 1928 λον
1266 1904 1380 1927 autem
1415 1904 1486 1937 est,
1525 1897 1618 1941 quod
1651 1899 1807 1932 sensibus
1831 1911 1903 1932 non

1168 1956 1275 1993 patet,
1299 1947 1358 1980 sed
1375 1947 1561 1995 cogitando
1590 1951 1648 1981 ‘'ut
1663 1952 1780 1994 putat)
1800 1963 1901 1995 quae·

1167 1999 1315 2031 rendum
1347 2008 1414 2035 em
1452 2000 1572 2043 Pyrrh.
1600 2001 1692 2044 Hyp,
1717 2002 1756 2042 I,
1783 2009 1820 2043 7,
1851 2021 1902 2029 .-

1167 2051 1340 2094 Ds’ogenes
1358 2060 1471 2082 autem
1500 2050 1537 2082 in
1556 2052 1732 2093 Pyrrhone
1749 2063 1898 2097 cap;15‚

1164 2102 1257 2133 ixiter
1285 2101 1545 2144 alia'Scepticoa
1570 2102 1620 2134 uic
1644 2101 1826 2146 loquentes
1847 2105 1899 2136 in·

1167 2153 1285 2186 ducit:
1316 2154 1365 2192 0⁸⁷!
1388 2154 1460 2185 τοδε
1474 2155 1592 2185 λευκον
1609 2156 1786 2192 Φαινετατ,
1815 2156 1897 2197 διη-

1164 2217 1429 2249 Ύηματικως
1465 2207 1628 2248 λεγομεν,
1677 2220 1719 2238 ου
1756 2208 1896 2246 ὃιαβε·

1164 2261 1419 2297 βαΙουμενΟΙ
1459 2269 1493 2287 εἰ
1531 2269 1604 2288 καί
1641 2270 1778 2295 Οντως
1812 2270 1890 2297 εςΙ,

1163 2321 1234 2350 περι
1265 2308 1297 2338 δε
1333 2321 1396 2338 των
1431 2312 1549 2346 Φωνων
1581 2312 1723 2350 λεγομεν
1760 2310 1810 2345 ὡς
1845 2324 1892 2343 ου

1163 2359 1370 2402 δογματω
1385 2371 1413 2391 ν·
1443 2373 1478 2392 ου
1508 2372 1575 2403 γαρ
1600 2370 1679 2390 cmv
1701 2359 1810 2401 ὅμοιαι
1842 2374 1894 2403 τῳ·

1160 2413 1268 2455 λεγειν
1301 2411 1350 2444 ὅτι
1381 2413 1593 2456 σφαιροειδής
1625 2412 1711 2450 εςιό
1748 2424 1885 2454 κοσμος·
