2272 3025
937 355 1106 405 -59

316 465 388 507 Ex
419 459 581 520 quibus
614 459 697 502 etsi
727 459 855 500 nulla
890 458 1066 499 ratione
1098 456 1363 498 conabimur
1394 454 1583 507 efficere,
1627 464 1680 495 ut
1711 456 1830 496 Kan-

317 543 406 584 tius
440 544 558 583 inter
589 542 814 596 Scepticae
846 540 1163 596 philosophiae
1191 549 1405 594 patronos
1422 537 1575 579 referri
1597 538 1827 588 debeat0):

314 623 362 666 in
387 640 438 667 eo
463 635 614 666 tamen
634 633 749 665 recta
771 622 887 663 ratio
920 621 1017 678 ipsa
1050 624 1210 663 eunsa
1243 618 1517 662 stabiliendo
1540 632 1670 675 super
1689 616 1825 660 rebus

313 704 490 747 decreto
514 702 732 753 avocavit,
767 702 889 758 quod
920 706 1099 745 scientiae
1129 718 1202 745 non
1234 717 1318 744 esse
1358 700 1653 752 intellexerat,
1686 709 1737 740 ut
1769 697 1825 738 de

312 784 478 825 obiecti
510 798 615 825 cum
647 784 912 841 cognitione
955 783 1247 840 congruentia
1288 782 1542 838 dogmatice
1575 782 1824 838 quidquam

310 876 564 920 poneretur.
632 870 731 922 Quo
765 864 938 907 factum
972 875 1064 916 est,
1108 874 1160 905 ut
1191 880 1321 907 veram
1364 876 1459 905 esse
1508 869 1678 914 (sensu
1722 859 1823 903 stri-

311 946 479 998 ctiori,)
512 945 824 1005 cognitionem
860 947 1131 999 humanam,
1176 943 1371 987 omnino
1418 946 1685 988 demonstrare
1724 954 1824 982 non

307 1037 475 1083 posset.
517 1032 573 1080 p).

308 1202 357 1235 tik
375 1203 433 1235 der
452 1205 565 1235 minen
586 1203 620 1234 V
621 1202 766 1244 ernnust,
794 1204 847 1237 ed.
869 1205 914 1238 11.
943 1216 1038 1248 pree-
1090 1202 1174 1247 phin
1196 1199 1315 1235 critica
1336 1202 1453 1235 doceri
1475 1214 1544 1235 non
1565 1212 1676 1247 posse.
1697 1197 1820 1245 cogni·

305 1252 368 1288 fat.
408 1266 486 1300 pag.
523 1264 569 1299 39
596 1265 667 1298 seq.
713 1255 751 1285 in
777 1265 878 1291 notu
913 1255 1038 1287 deinde
1087 1253 1242 1286 tionibus
1255 1254 1380 1286 nomia
1398 1255 1562 1294 aptiori,
1589 1253 1823 1287 &obiectum

306 1316 385 1349 pag.
404 1311 474 1343 157
496 1315 568 1347 seq.
598 1314 671 1334 tum
686 1304 747 1334 ubi
767 1306 807 1335 de
822 1306 1034 1347 phaenome.

307 1366 433 1386 norum
472 1365 794 1397 noumenorumque
834 1355 1034 1387 discrimine

307 1404 392 1447 agit.
430 1405 484 1440 Cf,
505 1400 609 1435 etia'm
630 1403 787 1451 Logices
807 1418 888 1451 pag.
910 1417 923 1439 ι
938 1418 977 1441 ιο
1001 1415 1035 1438 et

312 1465 397 1497 103,
429 1464 501 1488 not.

357 1507 402 1547 ο)
442 1505 537 1536 Huic
558 1506 719 1549 opinioni
746 1517 805 1549 pet
833 1515 938 1538 totam
967 1506 1037 1538 viri

308 1555 438 1587 summi
465 1555 724 1601 philosophiam
761 1557 842 1590 satie
875 1566 1036 1594 cavetut;

305 1617 344 1638 ea
367 1615 505 1642 autem,
534 1619 620 1650 quae
649 1608 689 1639 de
713 1610 937 1651 Scepticiemo
956 1609 1035 1652 ipso

302 1667 435 1703 mouet,
450 1670 518 1690 non
537 1658 712 1692 eiusmodi
725 1669 817 1699 sunt,
830 1671 916 1703 quae
929 1660 1041 1691 omni-

303 1720 350 1741 no
370 1710 558 1752 approbare
570 1712 762 1755 possimus.
791 1710 835 1744 cf.
862 1708 940 1744 fiber
958 1712 1031 1742 eine

303 1757 547 1804 Entdeckung.
585 1772 664 1807 pag,
691 1770 752 1802 73.

303 1821 340 1854 Ρ.
367 1818 426 1855 35.
453 1823 536 1857 ¹¹4·
565 1823 649 1856 132.
681 1830 730 1837 —
766 1812 882 1845 Kritik
901 1813 960 1844 der
974 1825 1030 1856 pr.

305 1860 351 1894 V.
373 1872 447 1904 pag.
475 1867 531 1903 89.

352 1914 399 1957 p)
425 1913 502 1947 Hoc
528 1910 632 1950 volo,
662 1924 705 1946 ex
732 1913 853 1946 Kamii
874 1912 1036 1959 philoso-

1087 1305 1280 1338 necessario
1295 1302 1503 1339 referendis,
1529 1303 1705 1335 eiusmodi
1729 1301 1822 1335 obie-

1086 1363 1181 1385 ctum
1203 1368 1226 1387 a
1239 1357 1349 1396 priori
1365 1355 1586 1398 respondere.
1641 1357 1756 1397 Atque
1772 1364 1820 1389 t·-

1086 1415 1165 1436 men
1188 1416 1227 1436 eo
1246 1416 1333 1448 opus
1359 1415 1432 1437 esse
1455 1405 1604 1441 videtur,
1628 1414 1816 1448 postquam

1088 1455 1206 1488 animo
1225 1454 1397 1492 humano,
1425 1457 1572 1494 seorsim
1594 1468 1612 1488 a
1631 1456 1733 1489 rebus
1757 1468 1816 1491 ex-

1089 1507 1195 1537 ternis
1225 1507 1441 1539 considerato
1461 1529 1470 1542 ,
1511 1508 1701 1551 quidquam
1739 1520 1819 1550 pm.

1088 1556 1163 1602 pria
1179 1556 1218 1588 vi
1240 1557 1351 1590 inesse
1367 1557 1520 1601 positum
1537 1567 1603 1592 est.
1658 1559 1823 1594 Ceterum

1089 1611 1292 1651 neutiquam
1329 1608 1515 1653 probamus
1553 1621 1626 1641 eam
1665 1608 1821 1653 philoso.

1091 1657 1232 1703 pluam,
1257 1671 1346 1703 quae
1366 1659 1488 1696 hodie.
1523 1671 1661 1692 omnem
1681 1661 1817 1696 realita-

1085 1721 1152 1743 tem
1176 1721 1219 1741 ex
1244 1708 1476 1756 intelligentia
1496 1723 1580 1755 pura
1594 1710 1813 1755 explicando,

807 1781 859 1788 —
906 1760 1032 1805 Logik,
1082 1760 1341 1807 philosophiam
1358 1762 1512 1794 criticam
1531 1775 1548 1794 a
1565 1773 1600 1795 se
1626 1763 1812 1808 perfectam

1086 1823 1157 1846 esee
1186 1812 1374 1857 gloriatui-3
1409 1814 1536 1846 etenim
1567 1814 1617 1849 sic
1646 1827 1716 1848 non
1742 1826 1816 1850 erat

1086 1860 1292 1911 perficienda
1311 1865 1432 1897 Kantii
1452 1865 1694 1911 philosophia.
