2272 3025
705 316 902 329 --—-
972 295 1035 347 53

248 409 347 443 tum
375 397 515 445 fuisse
548 395 755 441 sufficiet.
829 399 889 440 Et
919 396 1095 451 primus
1134 396 1341 453 quidem,
1384 409 1521 454 quem
1552 412 1646 448 απο
1678 411 1754 455 της

246 480 577 537 διαφωνιας
609 478 829 535 appellat,
884 476 942 517 ad.
981 476 1341 532 antiquissimam
1383 479 1568 535 Scepsin
1609 481 1759 531 redire

245 562 445 613 videtur,
479 561 533 602 de
565 574 651 618 qua
680 572 817 615 supra
850 556 1154 614 exposuimus.
1229 558 1460 600 Secundus
1503 559 1752 614 autem,-15

242 657 317 696 εἰς
350 656 595 704 απειρον
616 639 882 694 εκβαλλων,
914 649 1063 695 aperte
1093 648 1230 697 negat
1248 652 1342 682 esse
1365 650 1536 684 certum
1549 642 1751 699 aliquod,

240 725 363 766 unde
392 736 551 765 verum
583 732 889 779 cognoscatur.
943 720 989 763 si
1020 720 1156 773 enim,
1190 721 1301 763 dum
1320 721 1455 765 alicui
1477 723 1542 766 rei
1560 722 1753 768 assenti-

242 819 360 856 mur,
390 787 572 860 propter
599 817 778 846 causam
792 801 990 860 aliquam
1009 801 1059 843 id
1081 801 1286 854 facimus,
1316 802 1443 845 cuius
1466 804 1631 847 deinde
1662 790 1761 857 alia,-

243 898 372 926 causa
405 883 590 941 eogitari
625 883 781 934 debet,
813 893 948 939 atque
980 883 1045 924 sic
1075 883 1125 923 in
1156 882 1417 926 infinitum:
1458 883 1589 927 facile
1619 886 1753 927 intel-

241 965 398 1022 ligitur
428 978 606 1006 causam
636 963 852 1019 primam,
905 963 950 1005 h.
975 978 1012 1005 e.
1046 977 1143 1004 eam
1184 963 1280 1004 dari
1311 978 1409 1005 non
1427 1020 1430 1023 Δ
1449 978 1583 1020 posse
1584 997 1608 1019 ,
1664 981 1753 1024 qua

241 1049 419 1089 absolute
449 1060 609 1088 verum
652 1043 825 1101 aliquid
856 1057 952 1086 esse
992 1052 1181 1086 constet.
1224 1067 1284 1076 —
1347 1044 1527 1088 Tertius
1568 1047 1749 1100 modus,

243 1126 322 1184 qui
352 1140 378 1168 a
408 1128 597 1171 relatione
617 1124 826 1167 omnium
858 1137 1019 1167 rerum·
1040 1130 1156 1177 (απο
1183 1137 1270 1168 του
1306 1139 1446 1189 προς
1478 1132 1552 1179 τι)
1587 1128 1750 1174 ductus

241 1218 334 1260 est,
365 1218 490 1250 totus
523 1208 612 1248 huc
644 1206 840 1263 pertinet
850 1221 865 1255 5
897 1220 1011 1263 quae
1042 1205 1166 1247 enim
1196 1219 1265 1253 res
1294 1207 1346 1248 in
1379 1222 1427 1250 se
1455 1208 1574 1250 nihil
1603 1209 1753 1262 habet,

242 1305 321 1333 cur
351 1305 455 1332 vera
489 1289 690 1339 dicatur,
735 1304 795 1331 ea
826 1303 924 1331 non
957 1285 1233 1342 necessario,
1282 1302 1379 1332 non
1411 1288 1619 1334 absolute
1649 1271 1753 1334 vera

242 1381 332 1420 est;
364 1380 496 1426 atque
515 1369 555 1411 si
586 1378 833 1411 mutaretur
863 1359 913 1410 id
943 1383 967 1410 a
999 1382 1091 1426 quo
1124 1369 1316 1425 pendet,
1367 1371 1498 1413 aliter
1529 1372 1665 1413 etiam
1697 1373 1754 1415 de

242 1451 343 1507 ipsa
363 1449 493 1492 »foret
524 1451 825 1492 statuendum.
857 1468 919 1483 -··
968 1454 1051 1511 Per
1081 1460 1288 1505 quartum
1323 1452 1537 1503 modum,
1582 1466 1664 1495 τον
1699 1447 1752 1503 εξ

246 1529 615 1583 ὑποθεσεως,
648 1530 909 1589 Dogmatici
941 1544 995 1573 eo
1026 1529 1218 1574 nomine
1248 1529 1581 1589 vituperantur,
1614 1532 1754 1591 quod,

242 1623 297 1655 ut
334 1612 519 1654 initium
551 1611 892 1664 demonstrandi
928 1610 1074 1653 facere
1104 1612 1309 1665 possint,
1359 1613 1625 1668 opinionem
1657 1628 1755 1656 non

246 1693 608 1750 comprobatam,
664 1691 723 1732 ob
763 1690 812 1732 id
852 1691 1004 1732 solum
1036 1690 1160 1747 quod
1200 1690 1256 1732 ab
1289 1672 1504 1734 omnibus
1536 1705 1751 1741 concessa

243 1775 329 1826 sit,
361 1775 501 1826 (κατα
530 1771 889 1831 συγχωρησιν,)
920 1785 1003 1826 pro
1034 1771 1260 1826 principio
1298 1781 1496 1827 ponant3
1544 1773 1624 1830 qui
1657 1788 1754 1817 mo·

246 1854 333 1896 dus
365 1853 423 1895 ad
454 1852 705 1895 secundum
735 1849 857 1893 haud
897 1850 1033 1894 dubie
1064 1849 1322 1894 referendus
1354 1861 1433 1896 est.
1514 1853 1591 1896 Ait
1632 1853 1756 1898 enim

246 1937 432 1985 Sextus,
473 1933 590 1975 fflud
620 1933 845 1989 primum,
897 1947 922 1975 a
954 1946 1045 1990 quo
1078 1932 1434 1976 demonstrando
1466 1933 1753 1990 proficiscan-

246 2025 323 2056 tur
338 2047 351 2067 ,
382 2030 480 2056 non
501 2028 597 2056 esse
627 2024 937 2069 praeparatum
969 2019 1048 2066 (ου
1069 2017 1517 2069 κατεσκευασμενον)
1549 2014 1578 2057 i.
1595 2028 1630 2055 e.
1651 2029 1751 2058 non

245 2094 477 2137 munitum
509 2106 638 2135 causa
671 2092 844 2151 aliqua,
876 2093 955 2135 sed
989 2093 1336 2144 αναποδεικτως
1370 2092 1593 2144 affirmari,
1625 2096 1751 2151 quod

247 2190 380 2231 supra
411 2174 557 2217 fuerat
586 2174 920 2228 reprehensum.
954 2196 1015 2207 —
1061 2177 1131 2216 De
1172 2171 1335 2230 quinto
1368 2172 1520 2215 eadem
1563 2183 1631 2216 est
1667 2189 1753 2232 res,

251 2257 330 2313 qui
363 2258 642 2300 alternatorius
685 2254 876 2307 dicitur,
904 2267 1063 2312 graece
1094 2251 1349 2308 διαλληλος
1376 2253 1432 2307 d),
1464 2253 1535 2296 vel
1570 2263 1622 2295 ut
1643 2255 1758 2298 Dio-

300 2350 343 2396 d)
370 2352 410 2387 P.
438 2351 486 2387 H.
516 2348 550 2388 I.
579 2361 617 2395 ο,
638 2355 704 2396 14,
735 2350 773 2395 §-
800 2355 886 2393 117.
923 2348 970 2384 oi.
998 2345 1191 2394 Stephanus
1219 2346 1275 2383 ad.
1304 2346 1343 2383 h.
1372 2346 1400 2383 1.

1010 2423 1050 2463 E
