2272 3025
1018 344 1079 393 17

290 461 354 491 no
385 448 577 505 pendere
608 461 692 500 res,
724 442 1135 501 sed'sub'igendum
1166 444 1404 502 ingenium
1435 453 1482 487 et
1500 443 1556 486 ad
1580 443 1803 488 conditio·

288 529 362 573 nis
407 538 588 573 nostrae
627 526 940 570 necessitatem
989 523 1398 578 conformandum,
1444 526 1661 569 docuerit.
1736 526 1804 570 sic

290 611 525 653 Thaletem
565 610 615 650 in
658 623 796 666 aqua,
843 607 1143 661 Pherecydem
1184 607 1235 648 in
1277 608 1477 658 aethere,
1520 609 1802 650 Heraclitum

285 691 337 735 in
369 692 476 749 igne
510 704 660 731 rerum
690 686 967 745 principium
997 688 1240 745 quaesiisse
1271 688 1547 745 accepimus;
1580 690 1804 747 Pythago-

284 785 353 813 ras
385 770 592 813 ordinem
625 771 763 812 huius
797 769 999 811 universi
1031 785 1054 812 a
1087 770 1291 812 numeris
1324 771 1532 827 pendere,
1565 776 1801 829 Anaxago-

284 867 354 895 ras
388 853 562 896 ratione
603 866 806 909 quaeque
847 850 1038 893 formari
1078 859 1212 909 vatque
1253 852 1452 904 moveri,
1496 853 1801 908 Xenophanes

282 933 447 990 aliique
478 935 529 976 in
560 944 712 977 mente
743 933 838 975 sola
870 947 1028 976 verum
1060 933 1232 985 inesse,
1264 933 1321 976 ab
1353 948 1403 975 ea
1435 932 1618 989 percipi,
1657 932 1802 974 decre-

282 1025 460 1058 verunt.
488 1017 530 1067 τ)
600 1014 867 1056 Cuiusmodi
899 1015 954 1056 de
986 1029 1136 1056 rerum
1168 1025 1327 1056 natura
1361 1021 1411 1056 a'c
1454 1015 1510 1056 de
1543 1012 1672 1056 fonte
1704 1012 1800 1056 veri

284 1095 583 1151 opinionibus
614 1091 765 1151 palam
796 1093 927 1136 factis
951 1095 1107 1153 “iisque
1139 1095 1226 1138 sibi
1255 1096 1378 1137 haud
1409 1109 1509 1137 raro
1541 1094 1796 1146 contrariis,

286 1177 452 1233 reperti
495 1186 606 1218 sunt
645 1176 727 1232 qui
768 1189 840 1217 eas
872 1175 991 1217 inter
1023 1191 1070 1219 se
1109 1175 1409 1229 conferrent,
1434 1191 1531 1217 eam
1572 1175 1798 1226 videlicet,

284 1271 398 1314 quae
429 1256 709 1314 probabilior
738 1255 891 1298 futura
925 1267 1066 1309 esset,
1103 1258 1341 1314 accepturi.
1413 1261 1561 1313 Atque
1592 1265 1694 1297 tum
1718 1256 1800 1296 'de-

280 1351 408 1379 mum
438 1338 488 1379 in
518 1336 807 1393 philosophia
838 1348 992 1393 exorta
1025 1338 1232 1395 quaestio
1269 1349 1348 1390 est,
1382 1352 1470 1394 qua
1491 1337 1667 1380 ratione
1689 1336 1798 1378 huc·

281 1431 423 1473 usque
462 1418 671 1460 homines
704 1415 873 1460 fuerint
916 1418 1260 1474 philosophati,
1306 1433 1389 1470 an,
1444 1432 1556 1475 quae
1599 1418 1797 1460 stabilita

282 1496 467 1551 fuerint,
501 1498 682 1556 possint
711 1513 794 1556 pro
826 1499 946 1542 veris
979 1498 1145 1553 haberi,
1178 1514 1265 1558 qua
1299 1498 1493 1556 denique
1523 1508 1649 1552 nota,
1684 1498 1798 1556 quid.

282 1592 441 1624 verum
474 1579 553 1632 sit,
587 1579 889 1637 dignoscatur.

406 1660 509 1701 Fuit
539 1656 647 1700 haec
680 1660 776 1699 sine
809 1662 951 1701 dubio
986 1666 1199 1716 Scepseos
1232 1664 1386 1717 origo,
1419 1661 1525 1701 licet
1555 1674 1683 1709 eum,
1716 1660 1795 1713 qui

286 1740 461 1795 primus
493 1740 603 1782 istas
636 1740 924 1794 quaestiones
955 1741 1128 1792 movit,
1179 1740 1382 1797 quisquis
1430 1737 1594 1791 fuerit,
1633 1738 1796 1781 ‘nolim

288 1820 346 1862 ob
379 1820 426 1861 id
458 1818 712 1877 Scepticum
745 1820 982 1876 appellare.
1058 1820 1146 1865 Vix
1178 1821 1302 1862 enim
1333 1819 1402 1862 illi
1434 1828 1610 1876 poterat
1642 1819 1697 1861 de
1728 1833 1798 1861 ra-

288 1900 428 1942 tionis
461 1900 684 1942 limitibus
717 1901 780 1942 ita
813 1915 1077 1956 persuasum
1108 1916 1229 1954 esse,
1272 1912 1323 1942 ut
1357 1915 1542 1948 omnem
1574 1900 1615 1940 ei
1647 1900 1701 1940 de
1732 1914 1798 1940 re-

285 1981 370 2024 bus
403 1981 667 2034 (obiective,
710 1996 851 2026 sensu
881 1984 1244 2040 metaphysico,)
1275 1982 1544 2025 decernendi
1576 1991 1620 2022 et
1649 1980 1719 2022 ius
1751 1988 1795 2021 et

253 2092 257 2095 -
284 2060 547 2106 facultatem
580 2074 789 2121 negaret3
823 2055 937 2120 quin
969 2064 1216 2108 verisimile
1249 2075 1341 2117 est,
1377 2078 1480 2106 eum
1513 2059 1685 2104 reiectis
1717 2059 1794 2104 de-

336 2268 372 2315 z)
397 2267 657 2313 Philosophiam
675 2266 757 2301 inde
779 2268 821 2302 ab
842 2270 1017 2315 antiquis?
1063 2281 1113 2306 est
1132 2270 1183 2304 rei
1205 2281 1354 2320 gnarus,
1381 2269 1469 2312 quin
1487 2268 1677 2315 intelligat.
1734 2269 1793 2305 Cf.

288 2320 375 2357 eima
408 2329 516 2353 aetate
548 2332 568 2351 a
608 2321 722 2364 parvis
752 2321 867 2356 initiis
896 2333 1010 2356 orsam
1061 2322 1205 2358 libellus
1220 2321 1399 2369 ingeniose
1424 2320 1596 2365 scriptus:
1633 2319 1797 2365 Waltgm

288 2373 461 2414 gradatn'm
491 2371 532 2403 ad
565 2372 690 2403 mentis
721 2383 828 2415 pur-ae
852 2381 891 2405 ac
922 2385 1009 2406 erea-
1063 2376 1147 2407 richt
1174 2375 1232 2406 der
1261 2372 1514 2412 Philosoplwn,
1560 2383 1628 2404 von
1668 2371 1793 2407 Thales

289 2418 386 2454 tricis
429 2422 609 2456 notionem
642 2423 860 2471 pervenisse,
904 2435 1015 2460 nemo*
1063 2426 1114 2461 bis
1141 2426 1277 2468 Fichte,
1315 2422 1483 2469 Leipzig,
1518 2427 1624 2468 1801·
1655 2428 1688 2461 8.

1136 2502 1168 2540 C
