2272 3025
801 334 1003 351 ....‚.-
1073 306 1139 363 64

339 419 395 460 de
416 420 615 460 humana
638 414 902 458 conditione
924 426 969 458 et
990 417 1044 459 de
1067 417 1385 473 philosophiae
1406 430 1493 458 usu
1512 402 1861 472 persnasione'm

341 499 497 543 sedulo
550 495 854 552 efficiendam,
907 509 960 541 ut
1001 497 1052 540 in
1094 498 1177 540 hac
1207 513 1254 539 re
1296 497 1557 555 gravissima
1597 512 1693 541 non
1744 500 1864 543 nihil

339 580 568 639 proficias.
937 639 942 642 ,

464 667 573 705 Non
597 671 690 704 erat
711 660 916 717 Sceptici,
950 659 1186 718 explicare,
1220 661 1270 703 in
1299 676 1497 718 quanam
1527 677 1575 705 re
1604 662 1687 705 ista
1720 661 1864 704 animi

340 743 398 786 ad
436 744 622 786 rectiora
654 743 891 786 conversio
924 753 1057 801 atque
1089 742 1393 787 conformatio
1427 744 1714 786 consisteret:
1747 744 1866 800 ipsa-

342 841 430 884 que
454 829 669 885 Spepseos
690 824 877 868 fortuna
907 824 1079 868 factum
1109 840 1205 869 esse
1222 826 1493 882 putaverim,
1529 835 1590 876 ut,
1623 836 1866 882 antequam

341 922 465 950 nova
488 908 637 964 aliqua
661 907 914 964 dogmatice
937 908 1290 965 philosophandi
1312 908 1426 950 ratio
1457 908 1715 958 doceretur,
1748 907 1866 949 illud

341 987 661 1053 philgsophiae
696 1001 863 1045 genus,
899 998 943 1029 et
973 988 1242 1046 antiquitate
1284 988 1587 1032 clarissimum
1620 999 1663 1031 et
1690 988 1748 1032 ob
1769 1003 1866 1031 mo-

343 1048 625 1111 dera'ti'ss'iabm
663 1083 792 1111 suam
818 1071 1084 1123 colendum,
1119 1072 1174 1113 ad
1196 1070 1499 1128 perfectionis,
1531 1087 1667 1130 quam
1690 1081 1867 1127 poterat

344 1151 591 1209 attingere,
635 1151 828 1210 gradum
861 1167 998 1215 quam
1043 1153 1251 1209 proxime
1292 1154 1531 1197 accederet.
1597 1158 1741 1212 Quem
1781 1152 1865 1195 etsi

342 1233 501 1275 nullus
533 1247 716 1283 eorum,
751 1233 830 1288 qui
862 1233 1009 1275 adhuc
1042 1233 1368 1287 innotuerunt,
1398 1235 1605 1278 omnino
1636 1244 1864 1278 assecutus

345 1327 443 1355 esse
476 1312 680 1362 videtur,
715 1323 902 1368 propter
932 1313 1141 1353 immixta
1173 1311 1247 1352 hic
1275 1311 1370 1353 illic
1400 1322 1665 1368 argumenta
1693 1312 1865 1356 leviora

343 1408 400 1437 ex
421 1392 564 1451 priori
584 1395 793 1449 Scepseos
814 1392 961 1449 specie
981 1392 1144 1449 petita:
1177 1403 1329 1435 tamen
1363 1394 1551 1435 honoris
1582 1407 1714 1435 causa
1734 1395 1866 1435 liceat

345 1476 589 1519 nominare
629 1475 782 1519 virum
825 1474 1054 1526 doctrina,
1101 1474 1289 1533 ingenio
1341 1474 1526 1532 verique
1571 1490 1723 1518 amore
1756 1475 1866 1517 insi-

285 1587 296 1595 -
347 1572 499 1616 gnem,
534 1561 776 1600 Fridericum
801 1559 1008 1599 Henricum
1030 1559 1178 1599 Iacobi.
1204 1559 1244 1609 u)
1308 1558 1395 1614 Qui
1429 1557 1511 1608 vir,
1534 1557 1662 1599 cuius
1683 1557 1761 1599 vix
1790 1558 1865 1599 ad-

342 1638 435 1680 huc
463 1637 659 1695 contigit
690 1651 875 1678 omnem
910 1636 1116 1678 animum
1144 1651 1418 1695 omnemque
1450 1639 1700 1681 sententiae
1723 1638 1865 1680 ambi-

346 1704 446 1761 tum
478 1718 723 1775 explicare,
755 1717 873 1759 inter
901 1717 1082 1772 Scepsin
1115 1717 1357 1775 perfectam
1392 1735 1442 1761 ac
1472 1734 1625 1761 veram
1660 1721 1864 1775 philoso-

344 1800 516 1858 phiam,
550 1803 663 1857 quae
686 1799 984 1841 humanitatis
1009 1800 1180 1840 medela
1202 1814 1252 1841 ac
1276 1784 1515 1856 disciplina
1536 1811 1625 1849 est,
1659 1800 1862 1842 medium

344 1867 473 1926 se'ita
496 1880 749 1933 constituit,
782 1890 847 1932 ut,
884 1880 922 1922 si
944 1879 1018 1922 cui
1040 1895 1228 1922 manum
1252 1881 1292 1923 ei
1310 1896 1365 1924 ex
1383 1897 1436 1924 eo
1460 1882 1579 1933 loco,
1610 1882 1690 1939 qui
1713 1882 1861 1925 adhuc

317 1958 440 2006 ‘fere
478 1963 735 2006 inaccessus
778 1962 978 2014 videtur,
1021 1962 1079 2003 ad
1110 1960 1271 2004 foedus
1310 1963 1602 2021 pangendum
1636 1964 1862 2021 porrigere

347 2033 598 2104 contingat,
631 2046 793 2088 volens
815 2044 1071 2099 lubensque
1091 2043 1148 2085 ad
1168 2058 1271 2086 eum
1294 2045 1482 2102 propius
1512 2045 1570 2087 sit
1592 2060 1878 2101 accessurus„

398 2241 439 2279 τὴ
485 2242 635 2288 Cognita
663 2251 766 2279 aunt,
802 2253 889 2286 quae
917 2241 1077 2286 scripsit:
1129 2239 1254 2277 Jacobs·
1272 2256 1318 2276 an
1345 2242 1480 2278 Fichta,
1507 2261 1559 2269 —
1585 2254 1648 2275 nee
1669 2256 1739 2276 non
1759 2256 1861 2287 qnae-

347 2292 460 2337 Bricfo
475 2306 519 2325 an
536 2292 782 2327 Mendelssolm
801 2294 883 2324 tiber
899 2293 953 2325 die
970 2293 1079 2335 Lohre
1096 2332 1100 2336 .
1130 2304 1267 2337 cunque
1290 2294 1360 2327 huo
1378 2294 1552 2338 pertinent
1566 2303 1609 2324 ex
1629 2294 1860 2338 libri-‚Wolf

348 2344 407 2376 das
434 2342 610 2391 Spinozm
641 2364 686 2370 —
717 2344 834 2377 David
854 2345 969 2381 Hume,
998 2344 1080 2376 oder
1130 2345 1264 2383 demat,
1292 2355 1325 2379 et
1348 2346 1494 2380 Allwn'lls
1509 2342 1805 2391 Briefsammlung.

349 2395 429 2429 iiber
455 2395 659 2430 Idealismus
694 2396 764 2430 and
795 2396 1001 2433 Realismus,
1026 2413 1078 2422 —
