2272 3025
1052 338 1120 390 60

811 656 1125 705 CAPv'r
1206 656 1360 705 VII.

482 782 791 855 Quaeritur,
837 803 934 854 quo
977 782 1159 833 ducere
1194 784 1391 852 Scepsis
1429 784 1688 835 videatur.

320 920 565 985 Perducta
585 935 678 976 iam
710 934 820 975 inde
843 949 866 976 a
887 936 1189 977 remotissima
1220 942 1440 976 vetustate
1468 933 1524 974 ad
1545 944 1702 976 nostra
1726 944 1838 977 tem-

321 1034 430 1076 pora
466 1014 660 1070 Sceptica
682 1013 1039 1069 philosophandi
1062 1016 1262 1071 ratione,v
1286 1024 1498 1070 superest
1519 1025 1570 1057 ut
1591 1008 1675 1057 sub
1696 1014 1836 1058 finem

327 1097 475 1143 libelli
507 1096 685 1147 denuo,
722 1109 806 1152 qua
841 1105 949 1137 nota
982 1111 1087 1152 prae
1120 1097 1306 1153 reliquis
1341 1087 1508 1139 scholis
1550 1096 1747 1154 insignis
1780 1097 1840 1141 sit

321 1191 455 1237 atque
485 1175 697 1231 inprimis
740 1191 763 1217 a
796 1176 1049 1232 dogmatica
1092 1176 1381 1233 philosophia
1422 1177 1582 1228 distet,
1637 1186 1838 1219 accurate

324 1261 576 1304 videamus.
647 1255 896 1298 Enimvero
938 1266 1031 1298 tam
1073 1271 1127 1299 ex
1158 1256 1348 1299 historia
1381 1272 1516 1315 quam
1549 1273 1603 1301 ex
1643 1258 1737 1314 ipsa
1786 1258 1838 1300 il-

324 1329 419 1385 lius
465 1338 786 1394 philosophiae
828 1348 987 1377 natura
1040 1346 1245 1377 constare
1296 1346 1534 1390 putamus,
1588 1337 1839 1395 principem

320 1433 457 1479 atque
499 1431 734 1462 summum
776 1416 923 1460 totius
967 1421 1175 1475 Scepseos
1226 1418 1525 1459 characterem
1568 1419 1837 1476 huncesse,

319 1516 393 1557 ut,
447 1505 552 1562 quod
602 1504 640 1543 in
683 1503 897 1558 cognitione
939 1501 1107 1543 humana
1150 1502 1295 1542 reale
1336 1502 1414 1549 sit,
1468 1502 1510 1541 id
1565 1503 1693 1542 sciri
1740 1518 1834 1544 non

314 1600 479 1646 posse
519 1579 776 1624 contendat.
843 1582 943 1636 Quo
988 1580 1237 1622 charactere
1281 1578 1460 1635 Scepsin
1506 1593 1643 1636 aeque
1682 1579 1736 1622 ab
1777 1580 1834 1624 iis

323 1664 514 1715 scholis,
559 1675 675 1718 quae
716 1661 854 1716 vulgo
897 1661 1190 1717 Dogmaticae
1231 1650 1578 1715 nuncuPantur,
1632 1671 1766 1718 atque
1809 1678 1834 1704 a

322 1744 482 1792 Critica
512 1741 649 1785 huius
678 1740 895 1797 temporis
926 1740 1214 1797 philosophia
1247 1740 1441 1791 secerni,
1476 1741 1525 1781 in
1569 1742 1718 1795 aprico
1752 1753 1833 1786 est.

324 1818 440 1872 Cum
463 1825 586 1867 enim
608 1822 823 1879 reliquae,
857 1830 1082 1877 quatenus
1105 1821 1160 1861 de
1178 1834 1329 1861 rerum
1351 1819 1495 1861 causis
1521 1820 1633 1862 ultra
1664 1824 1834 1879 experi-

327 1909 475 1954 entiae
525 1904 639 1947 fines
690 1902 954 1960 quaerendis
1007 1901 1179 1959 agitur,
1224 1902 1365 1943 multa
1406 1901 1622 1954 habeant,
1655 1904 1834 1961 quibus,

324 2005 437 2051 quae
471 1988 531 2031 sit
563 1999 651 2029 του
688 1997 835 2035 ουτως
879 1997 1011 2034 ουτος
1051 1993 1235 2035 natura,
1280 1976 1615 2026 demonstrent:
1669 1985 1835 2029 Critica

324 2066 640 2129 philosophia,
674 2065 761 2107 etsi
793 2065 882 2106 hoc
914 2064 1104 2107 arduum
1136 2064 1404 2108 mortalibus
1438 2079 1533 2107 esse
1575 2065 1727 2118 docet,
1770 2077 1835 2110 ta-

323 2166 433 2196 men
465 2148 630 2192 mentis
662 2146 803 2204 ipsius
834 2155 1047 2188 naturam
1089 2156 1132 2188 et
1188 2145 1411 2188 ambitum
1450 2145 1511 2188 ita
1559 2159 1605 2189 se
1657 2162 1835 2211 perspe-

324 2235 442 2278 xisse
475 2243 794 2285 emensamque
826 2242 924 2270 esse
955 2227 1034 2279 ait‚⁴
1064 2237 1116 2267 ut
1146 2228 1311 2283 partim
1334 2227 1444 2284 quid
1464 2228 1611 2270 valeat
1642 2242 1834 2284 cognos-

327 2330 447 2367 cere,
480 2312 592 2370 quid
625 2324 747 2361 non,
789 2314 1000 2352 accurate·
1028 2292 1302 2359 describere,
1345 2308 1508 2364 partim
1550 2309 1606 2349 de
1649 2322 1828 2351 summo

327 2396 455 2438 bono
497 2408 547 2435 ac
587 2393 642 2434 de
681 2392 877 2433 honesto
911 2390 974 2433 ita
1007 2389 1256 2445 praecipere
1277 2390 1367 2445 ipsi
1386 2388 1587 2441 licuerit,
1620 2398 1672 2429 ut
1701 2391 1831 2448 quale
