2272 3025
853 322 1180 370 *62

503 440 587 480 Est
618 443 769 477 autem
802 433 913 476 haec
953 447 1052 476 non
1094 435 1312 478 historica
1355 445 1563 487 tantum,
1606 447 1651 477 et
1693 453 1806 495 quae
1850 440 1905 484 ad

381 528 558 563 certum
593 517 815 560 duntaxat
848 526 1032 574 tempus
1065 517 1304 573 pertineat,
1338 517 1561 573 Scepticae
1595 519 1903 566 institutionis

381 598 654 657 descriptio,
689 599 767 641 sed
802 599 1014 641 universa
1038 609 1093 640 ·et
1125 600 1255 641 omni
1289 600 1484 655 tempori
1519 602 1740 658 omnique
1770 604 1903 645 scho-

376 682 525 723 larum
580 679 892 724 vicissitudini
952 680 1229 727 communis,
1312 681 1706 738 Quemadmodum
1762 684 1901 737 enim,

376 761 474 810 nisi
507 760 772 820 Dogmatici
804 773 1103 818 praepropere
1136 761 1279 802 multa
1323 760 1609 818 posuissent,
1649 778 1903 824 numquam

376 843 520 886 iustae
556 842 837 885 dubitationi
867 843 997 883 locus
1031 841 1306 884 exstitisset:
1341 842 1402 883 ita
1445 844 1562 884 hanc
1594 845 1902 899 Scepticismo

372 915 543 966 metam
581 935 745 967 natura
779 923 958 979 posuit,
1002 933 1056 964 ut
1087 922 1179 965 nisi
1222 932 1378 964 contra
1422 924 1798 980 Dogmaticorum
1830 927 1902 971 inq

370 1004 745 1062 temperantiam,
777 1003 898 1045 nihil
930 1003 1123 1045 omnino
1158 1001 1333 1044 efficere
1365 1004 1548 1046 valeret.
1614 1009 1785 1047 Teneat
1813 1006 1900 1065 igis

375 1095 465 1137 tur,
500 1085 662 1129 ubiubi
696 1094 922 1141 appareat,
954 1099 1103 1126 unum
1134 1083 1324 1126 iniurias
1343 1086 1722 1142 Dogmaticorum
1754 1103 1777 1129 a
1799 1089 1901 1146 phi-

374 1167 583 1225 losophia
617 1165 904 1225 propellendi
936 1163 1164 1217 officium,
1203 1165 1352 1222 sitque
1385 1167 1426 1211 ei
1457 1182 1641 1222 munus,
1675 1171 1799 1227 quod
1833 1171 1900 1214 di-

371 1248 511 1300 citur,
546 1252 784 1307 negativum.
858 1246 1115 1302 Loquimur
1146 1257 1299 1288 autem
1332 1247 1387 1289 de
1421 1263 1504 1301 eo,
1536 1252 1662 1306 quod
1692 1266 1715 1294 a
1747 1253 1899 1308 philo·-

371 1328 529 1385 sophis
573 1327 720 1386 possit
763 1324 989 1371 affirmari.
1061 1329 1114 1368 In
1147 1327 1239 1367 vita
1273 1328 1396 1367 enim
1429 1336 1610 1371 tantum
1652 1332 1798 1384 abest,
1842 1336 1913 1377 ut'

368 1409 490 1451 nihil
522 1408 688 1450 habeat
721 1407 968 1464 Scepticus,
1001 1420 1092 1462 quo
1126 1406 1239 1448 duce
1272 1415 1399 1448 tutus
1430 1407 1621 1461 incedat,
1655 1423 1707 1453 ut
1737 1416 1893 1468 potius

367 1505 532 1533 sensus
566 1500 612 1532 et
642 1503 778 1547 quam
811 1502 969 1530 sanam
999 1497 1204 1529 mentem
1236 1487 1429 1539 dicunt,
1462 1489 1584 1531 haud
1617 1492 1761 1535 secius
1792 1493 1894 1537 feli-

370 1570 524 1614 oiusve
556 1585 693 1628 quam
726 1583 887 1612 omnes
919 1567 1136 1610 scientiae
1168 1566 1404 1609 iactatores
1439 1581 1650 1626 sequatur
1660 1587 1674 1621 3
1717 1584 1763 1615 at
1793 1590 1892 1619 non

370 1652 525 1694 eadem
568 1666 678 1694 sana
726 1664 884 1702 mens,
926 1664 1023 1691 non
1064 1648 1204 1689 iidem
1247 1662 1405 1690 sensus
1446 1650 1583 1695 duces
1615 1667 1804 1698 manent
1835 1659 1890 1711 ei,

372 1733 453 1791 qui
485 1732 723 1776 communi
753 1731 875 1773 vitae
907 1729 995 1772 fide
1027 1728 1182 1771 relicta
1213 1743 1350 1773 ausus
1384 1732 1530 1773 estad
1552 1734 1892 1792 philosophiam

369 1815 613 1872 adspirare.
679 1817 793 1856 Ecce
816 1811 940 1854 enim
972 1811 1287 1853 conditionem
1316 1802 1578 1855 humanam.
1643 1817 1777 1858 Nacti
1818 1834 1892 1862 su-

370 1911 475 1938 mus
509 1910 670 1939 omnes
704 1894 909 1936 eamdem
941 1891 1242 1949 persuasionis
1272 1893 1434 1949 legem,
1468 1908 1602 1950 quam
1636 1911 1740 1941 cum
1762 1916 1894 1951 men-v

369 1987 462 2019 tem
493 1994 630 2020 sanam
663 1966 969 2035 appellamus,
1003 1975 1154 2016 salvos
1187 1987 1240 2014 eo
1271 1972 1382 2015 duce
1414 1989 1501 2017 nos
1534 1991 1630 2020 esse
1662 1981 1889 2038 significa-

366 2072 483 2100 mus.
545 2058 680 2098 Hanc
697 2065 750 2096 ut
773 2055 970 2112 quisque
991 2053 1179 2096 firmiter
1199 2064 1349 2096 teneat
1368 2065 1413 2097 et
1433 2056 1610 2101 assidue
1626 2058 1677 2102 in
1697 2062 1791 2107 dies
1811 2081 1888 2109 ex-

365 2138 499 2190 colat,
534 2135 832 2178 humanitatis
863 2133 1066 2177 officium
1090 2145 1156 2177 est
1166 2152 1179 2185 3
1211 2146 1262 2176 ut
1302 2134 1515 2178 defendat
1543 2148 1663 2193 ea'm,
1697 2145 1893 2205 eiusqu'e'

1382 2252 1888 2275 “·---“-·----·-

366 2333 665 2371 demonstr-eutioru⁴
692 2330 930 2374 metaphysica
956 2332 1101 2365 certissi-
1152 2331 1225 2364 inm
1238 2331 1405 2367 ultimum
1423 2334 1663 2381 *Scepticismo
1687 2341 1883 2380 remedium

369 2385 555 2419 mansisti
575 2394 711 2431 pessa„
735 2382 913 2421 doceatur,
965 2384 1007 2415 111
1031 2383 1100 2424 hoe
1151 2385 1386 2428 quaerendum
1401 2394 1488 2429 est„
