2272 3025
442 434 593 493 priam
619 444 721 480 -no'n
754 445 876 484 esse,
898 445 981 474 -res
1010 430 1106 488 ipsa
1138 430 1358 488 loquitur.
1433 434 1601 475 Sumus
1641 431 1766 476 enim
1809 448 1966 479 omnes

444 518 543 561 nan'
573 517 629 559 ad
660 514 962 569 iudicandum
995 526 1101 556 eum
1132 512 1425 569 persuasione
1456 512 1566 566 veri,
1597 527 1744 571 neque
1774 517 1872 558 nati
1896 532 1969 561 so-

443 592 566 650 lum,
600 597 678 640 sed
710 595 822 639 faeti
853 606 899 637 et
931 594 1157 638 destinati.
1235 595 1321 637 Cui
1362 595 1747 653 quemadmodum
1787 596 1845 638 rin
1877 597 1972 640 vita

446 693 605 724 omnes
638 678 960 731 adhaeremus,
1002 676 1113 718 dum
1147 674 1357 719 sensibus
1390 675 1529 720 fidem
1554 677 1800 731 habemus,
1831 677 1893 721 ita
1926 689 1972 721 et

444 759 635 819 Sceptici
676 758 949 811 adhaerent,
996 756 1269 802 confitentes
1315 773 1368 802 se
1426 759 1581 803 vivere
1646 772 1974 823 προσεχοντας

445 856 540 896 τοις
573 843 872 901 φαινομενοις
900 841 967 895 ⁹⁶),
1001 854 1052 882 ac
1086 840 1216 898 sequi
1253 840 1399 900 λογον
1432 839 1770 886 ὑποδεικνυντα
1813 857 1975 896 aut-015

445 939 502 969 το
525 922 611 981 {nv
625 910 742 987 προς
763 936 825 966 τα
849 937 993 969 οικεια
1016 922 1143 976 παθη
1162 924 1223 975 y).
1257 947 1318 955 —
1350 921 1432 964 Sed
1461 935 1548 963 nos
1578 921 1676 975 hic,
1709 937 1797 980 qua
1820 934 1976 967 mente

444 1006 507 1050 sic
538 1013 740 1048 Statuant
770 1002 1000 1061 agendum
1026 1015 1154 1054 esse„
1195 1000 1452 1059 quaerimus
1470 1036 1481 1054 ,
1521 1017 1670 1060 neque
1699 1004 1762 1047 ita
1796 1019 1871 1048 eos
1902 1020 1977 1049 ex*

446 1085 595 1145 pediti
634 1085 962 1141 patiemur‚„ut
994 1083 1171 1134 dicant,
1204 1083 1322 1125 hane
1355 1083 1526 1127 scilicet
1556 1098 1684 1129 suam
1716 1101 1813 1130 esse
1844 1088 1979 1131 ratio·-

445 1183 578 1220 nem‚
614 1177 751 1225 atque
785 1165 979 1210 omnino
1025 1178 1186 1207 sanam
1227 1175 1430 1207 mentem
1474 1166 1689 1210 omnibus
1729 1162 1979 1224 αδοξαςως

448 1249 724 1306 sequendam
756 1261 867 1290 esse.
935 1249 1066 1287 Certe
1085 1245 1208 1288 enim
1232 1246 1319 1288 hoc
1360 1246 1573 1290 universe
1612 1247 1861 1302 affirmant,
1898 1266 1979 1307 po..

448 1341 664 1387 nuntque
697 1326 916 1386 principii
931 1327 1054 1371 loco.
1121 1332 1268 1385 Quare
1297 1340 1395 1368 non
1416 1336 1499 1378 est,
1533 1341 1613 1369 cur
1643 1329 1832 1387 Sceptici
1854 1332 1978 1387 prin-

447 1412 565 1470 cipia
590 1419 836 1468 agnoscere
866 1407 1033 1451 nolint.
1100 1406 1334 1465 Quidquid
1367 1409 1493 1450 enim
1523 1421 1686 1451 verum
1716 1410 1804 1452 sibi
1835 1411 2010 1474 videri-

448 1494 593 1545 aiunt,
615 1492 674 1536 de
694 1504 749 1534 eo
782 1498 907 1554 certo
934 1488 1138 1546 persuasi
1169 1498 1304 1543 sunt,
1346 1499 1400 1531 ut
1431 1488 1472 1532 si
1514 1488 1636 1533 dicas
1680 1504 1755 1534 eos
1799 1506 1979 1547 errasse,

448 1575 576 1618 haud
606 1572 741 1615 facile
785 1571 965 1614 sileant.

574 1653 794 1713 Quisquis
824 1662 978 1695 autem
1007 1651 1087 1693 ille
1116 1651 1201 1702 sit,
1230 1651 1315 1707 qui
1345 1652 1747 1710 prima'genuinae
1769 1659 1979 1712 Scepseos

451 1735 645 1794 vestigia
676 1728 956 1785 exhibuerit,
988 1732 1077 1774 hoc
1106 1741 1281 1774 certum
1314 1741 1381 1773 est
1411 1747 1465 1774 ac
1497 1734 1846 1788 pez-historiam
1871 1752 1981 1780 con.

452 1818 713 1866 firmatum,
746 1826 897 1871 neque
926 1810 1181 1868 principem
1212 1825 1316 1853 eum
1359 1809 1499 1855 fuisse
1539 1813 1977 1873 philosophantium,

453 1914 605 1956 neque
645 1895 839 1939 omnino
881 1907 906 1935 a
948 1893 1099 1948 Scepsi
1140 1892 1484 1949 philosophiam
1522 1895 1727 1949 potuisse
1765 1897 1976 1956 incipere.

453 1986 522 2025 Ita
555 1977 680 2023 enim
712 1976 923 2019 homines
957 1984 1119 2017 natura
1152 1985 1437 2031 comparatos
1474 1989 1568 2018 esse
1599 1987 1802 2032 constat,
1845 1991 1896 2023 ut
1924 1982 1980 2025 ad

456 2059 695 2124 quodlibet
737 2058 793 2102 de
837 2056 998 2109 rebus»,
1038 2070 1150 2114 quae
1194 2057 1308 2102 circa
1349 2056 1473 2115 ipsos
1517 2068 1649 2114 sunt,
1682 2064 1978 2110 statuendum

455 2146 662 2189 ferantur
681 2176 692 2194 ,
730 2156 814 2184 nee
843 2140 936 2183 nisi
967 2149 1068 2181 tum
1101 2154 1124 2181 a
1167 2140 1399 2183 iudicandi
1442 2141 1696 2185 temeritate
1737 2144 1825 2187 sibi
1867 2158 1979 2193 tem-

457 2237 643 2287 perent,
677 2239 783 2267 cum
812 2223 1058 2279 multiplex
1089 2223 1375 2279 experientia,
1404 2237 1507 2287 ’non
1540 2223 1595 2265 ab
1616 2224 1801 2270 arbitrio
1822 2229 1981 2272 huma-

966 2334 1980 2353 *un—m

510 2408 561 2449 x)
588 2407 628 2440 P.
656 2406 704 2442 Η.
736 2403 771 2438 Ῑ.
804 2414 862 2441 11.
1295 2401 1343 2448 γ’)
1367 2378 1410 2437 14⁵.
1438 2398 1500 2447 H„
1528 2402 1558 2439 Ι.
1587 2406 1625 2445 8.
