2272 3025
1052 349 1115 406 57'

325 464 384 505 bo
426 462 536 505 fides
581 458 776 510 rationi,
831 457 1114 499 reconditam
1155 458 1230 498 vel
1272 470 1423 498 rerum
1465 458 1536 500 vel
1580 458 1652 500 sui
1689 441 1831 517 ipsius

324 555 533 586 naturam
574 543 970 597 interpretaturae‚
1012 547 1173 596 negata
1217 550 1271 578 eo
1317 537 1498 580 duxisse
1537 539 1737 593 videtur,
1783 550 1836 583 ut

322 626 373 666 in
405 626 463 666 iis
496 624 773 679 acquiescere
803 620 1064 672 suaderent,
1103 620 1159 661 ad
1203 633 1317 675 quae
1367 628 1528 661 natura
1571 620 1665 675 ipsa
1707 622 1835 680 inge-

323 706 454 747 nium
487 705 743 744 humanum
774 701 993 756 appellat,
1033 701 1133 753 illa,
1165 715 1278 757 quae
1298 701 1426 749 -ultra
1466 715 1682 745 sensuum
1711 703 1834 746 limi-

324 795 394 825 tes
437 782 584 839 posita
626 791 756 837 sunt,
790 795 887 823 non
923 781 1038 822 tanti
1069 781 1312 823 aestimare.
1337 785 1366 831 ί)
1440 783 1640 824 Omnino
1681 794 1835 827 autem

327 863 483 906 aetatis
517 874 698 906 nostrae
741 862 856 904 ratio
889 862 951 903 ita
993 861 1149 903 tulisse
1192 861 1396 912 videtur,
1438 872 1489 903 ut
1539 865 1662 905 haud
1703 866 1835 921 pauci

327 945 665 1002 philosophiam
699 958 851 996 suam,
885 943 1105 984 nimirum
1138 957 1224 999 qua
1249 943 1360 984 scire
1393 957 1441 984 se
1473 944 1616 986 multa
1651 959 1838 991 conten·

324 1026 499 1078 derent,
531 1025 620 1067 fide
644 1025 791 1080 aliqua
821 1034 1005 1065 naturae
1030 1024 1179 1065 habita
1208 1006 1516 1064 terminarent.
1574 1027 1698 1082 Quin
1733 1032 1837 1084 plu-

326 1118 397 1147 res
420 1120 474 1147 ex
503 1106 582 1157 iis,
624 1106 703 1162 qui
734 1105 982 1146 secundum
1017 1104 1164 1145 critica
1197 1104 1352 1145 Kantii
1384 1104 1603 1161 principia
1634 1108 1837 1162 philoso-

327 1187 455 1245 phati
487 1197 618 1238 sunt,
663 1185 711 1227 in
745 1185 831 1227 ista
874 1184 1307 1241 fiduciagsubstitere
1327 1184 1375 1239 k).
1448 1186 1494 1227 Si
1535 1186 1658 1230 enim
1687 1205 1742 1233 ex
1780 1193 1836 1237 iis

330 1270 528 1325 quaeris,
566 1282 651 1323 qua
683 1268 781 1322 lege
814 1267 1124 1322 perceptiones
1157 1281 1261 1308 cum
1303 1266 1462 1318 rebus,
1503 1281 1616 1323 quae
1647 1268 1836 1317 istarum

331 1363 488 1391 causae
520 1357 760 1404 putantur,
794 1346 1103 1397 consentiant,
1137 1360 1235 1387 eam
1267 1361 1312 1387 se
1343 1348 1552 1402 ignorare
1583 1364 1741 1394 omnes
1771 1354 1838 1397 fa-

312 1428 559 1470 tebuntur.
650 1426 951 1484 Quamobrem
1000 1425 1194 1467 maxime
1244 1426 1441 1483 ingenue
1479 1427 1568 1469 viri
1598 1434 1754 1488 magni
1793 1451 1836 1478 a.

1592 1569 1844 1584 ἡ,-

383 1659 415 1705 ἰ)
439 1657 670 1692 Vehementer
687 1656 832 1688 laetatus
855 1667 954 1698 eum,
978 1667 1061 1687 cum

335 1708 346 1718 “
434 1708 440 1712 ⁷
599 1709 606 1717 ι
839 1707 846 1713 .
1114 1655 1216 1698 cipiis
1245 1655 1405 1688 universe
1430 1658 1622 1699 ponendis,
1650 1660 1706 1704 (p.
1728 1661 1839 1710 601.)

333 1721 373 1742 m
402 1709 548 1753 legendo
582 1708 673 1741 libro
708 1706 918 1740 Schulziano
955 1706 1060 1738 modo

1112 1706 1153 1737 de
1176 1705 1313 1737 entibus
1340 1706 1588 1751 metaphysicis
1615 1711 1759 1746 omnino
1784 1715 1842 1747 in-

334 1759 500 1802 laudato,
534 1759 626 1804 (non
650 1767 763 1790 autem
788 1754 940 1802 contigit
963 1758 1060 1800 prius

336 1810 470 1857 legere,
508 1821 611 1853 quam
636 1808 719 1840 haec
744 1807 950 1840 scriberetur
970 1817 1061 1838 com·

337 1862 535 1904 mentatio,)
561 1862 598 1891 in
616 1860 792 1904 plerisque
816 1859 857 1890 ad
881 1858 1063 1901 Scepticis-

336 1924 437 1945 mum
465 1910 720 1957 pertinentibus
743 1922 798 1942 me
824 1921 903 1941 cum
927 1918 1065 1941 auctore

337 1964 395 1999 ill.
419 1964 565 1998 omnino
584 1963 727 1999 sentire,
753 1961 953 2006 reperirem.
988 1960 1065 1993 Etsi

339 2015 433 2046 enim
455 2015 511 2047 vir
541 2014 758 2044 acutissimus
782 2012 955 2055 scepticae
984 2011 1064 2054 phi.

339 2063 520 2107 losophiae
537 2062 687 2094 nimium
712 2062 826 2093 favere
850 2060 988 2092 videtur
1007 2073 1059 2103 eo,

339 2115 433 2158 quod
460 2114 497 2145 in
516 2125 553 2145 ea
573 2111 643 2145 sola
662 2121 780 2144 contra
798 2122 934 2143 omnem
955 2110 1062 2142 scien-

341 2167 409 2198 tiae
430 2165 658 2209 arrogantiam
684 2163 858 2210 refugium
880 2171 993 2195 tutum
1011 2163 1064 2194 in·

342 2217 456 2249 veniri
473 2227 574 2261 posse
595 2215 790 2247 existimat:
819 2224 952 2249 tamen,
978 2225 1065 2256 quae

344 2270 387 2301 de
403 2266 625 2312 Scepticismo
648 2266 691 2297 ad
708 2264 950 2311 philosophiae
967 2266 1065 2312 Dog-

343 2320 489 2351 maticae
523 2326 721 2361 argumenta
762 2328 894 2361 semper
930 2314 1068 2360 compe-

346 2379 432 2406 πετο,
451 2368 582 2415 (νοΙ,Ῑ,
603 2381 681 2416 pag.
694 2372 802 2415 5957)
830 2368 871 2401 de
890 2367 963 2401 eius
974 2368 1067 2413 prin-

1112 1756 1235 1788 anibus
1263 1761 1432 1800 (p,727‚)
1461 1768 1494 1790 et
1515 1759 1643 1791 similia
1662 1761 1839 1805 leguntur,

1113 1817 1235 1837 verum
1273 1808 1433 1851 Scepseos
1472 1808 1701 1844 characterem
1747 1815 1840 1849 haud

1115 1858 1220 1889 dubie
1246 1859 1410 1901 pmdunt.
1466 1858 1524 1893 Cf:
1551 1862 1657 1905 item,
1685 1876 1773 1908 quae
1799 1868 1840 1901 de

1116 1910 1247 1948 αὸηλοις
1277 1919 1484 1948 monentur,
1511 1925 1547 1956 p.
1571 1914 1644 1947 606
1669 1927 1763 1961 seq.,
1799 1931 1839 1951 ac

1116 1960 1274 2009 cle-omni
1301 1962 1503 2008 cognitione
1527 1963 1696 1998 obiectiva
1726 1970 1838 2002 omni-

1114 2022 1231 2092 nlogne
1263 2023 1365 2057 vera,
1399 2025 1479 2058 pag.
1511 2023 1581 2057 590
1607 2026 1703 2059 seq.‚
1744 2019 1836 2066 6⁰4·

1114 2072 1131 2092 a
1149 2073 1162 2092 1
1187 2073 1214 2095 1.

1168 2161 1206 2208 k)
1234 2161 1302 2195 Cff.
1332 2164 1483 2197 Schmids
1509 2166 1742 2203 ZVHrterbuch
1764 2186 1840 2206 zum

1116 2214 1273 2246 leichtern
1317 2214 1495 2248 Gabrauch
1532 2218 1590 2248 der
1630 2214 1842 2257 liantischen.

1117 2262 1294 2306 Schriften,
1321 2266 1373 2301 ed.
1398 2268 1424 2297 l.
1453 2276 1515 2303 art,
1537 2267 1740 2317 Erfahrung,
1765 2285 1829 2309 not

1121 2315 1180 2359 (ab
1200 2316 1285 2349 edit.
1308 2317 1406 2349 tertia
1432 2317 1515 2350 haec
1531 2330 1615 2352 nota
1640 2323 1768 2369 abest.)
1793 2305 1841 2355 .-·

1122 2368 1273 2401 Creuzeri
1287 2366 1314 2403 1.
1333 2368 1360 2403 l.
1391 2381 1471 2414 pag.
1496 2375 1579 2406 106.
1603 2383 1688 2417 108.
1709 2389 1786 2414 110-

1093 2483 1139 2526 H
