2272 3025
1130 345 1189 378 12

400 445 678 506 cogitatione
711 441 965 497 diversum,
999 444 1056 487 ad
1090 445 1214 503 quod
1243 460 1293 488 ea
1321 447 1558 504 pertineat,
1591 462 1642 491 ac
1663 467 1788 508 posse
1809 453 1921 499 intel-

401 532 492 591 ligi,
524 540 739 572 vanam
780 527 877 571 hanc
905 543 987 572 esse
1029 531 1234 573 cuiuslibet
1263 531 1426 575 hominis
1461 536 1766 590 persuasionem.
1833 540 1924 593 Op·

402 609 512 654 time
543 608 667 652 enim
702 608 860 651 Cicero
889 612 932 661 p)
965 609 1053 652 hoc
1086 623 1185 653 esse
1216 611 1496 667 maximum,
1529 613 1605 668 ait,
1640 614 1689 657 in
1720 615 1923 674 philoso-

402 690 531 748 phia,
573 690 798 732 iudicium
841 690 960 740 veri5
1002 692 1126 748 quod
1173 692 1367 736 dubium
1408 696 1595 750 habere,
1629 696 1864 741 abhorrere
1896 712 1922 741 a

403 771 619 829 sapientia
651 771 929 828 plurimum..
984 773 1055 815 Sic
1086 784 1238 817 autem
1270 776 1555 834 interpretor.
1618 783 1784 823 Verum
1817 780 1928 837 quid

403 853 600 906 dicatur,
634 863 838 896 constat:
880 853 1105 897 nimirum
1144 856 1414 899 attributum
1462 870 1532 901 est
1572 860 1927 916 cogitationibus

403 935 577 979 nostris
608 934 873 993 proprium3
904 950 1052 993 neque
1083 951 1153 980 res
1186 953 1302 981 veras
1322 938 1674 994 rectedicimus,
1707 951 1785 983 aut
1817 954 1932 998 qnae

407 1016 549 1069 fiunt,
594 1032 714 1068 vera,
760 1015 840 1057 sed
883 1018 1018 1058 adesse
1062 1016 1277 1059 dicuntur
1317 1033 1412 1072 res,
1455 1033 1506 1061 ac
1536 1036 1579 1063 re
1612 1016 1704 1065 bera
1738 1020 1836 1063 fieri
1863 1026 1930 1074 9);

405 1099 501 1155 ipsa
534 1108 686 1139 autem
718 1111 792 1150 ea,
825 1111 939 1155 quae
980 1097 1258 1155 cogitamus,
1304 1100 1343 1142 si
1383 1116 1488 1143 cum
1527 1105 1797 1148 necessitate
1825 1118 1932 1162 qua·

407 1180 511 1222 dam
547 1179 824 1237 cogitantur,
857 1180 961 1221 ideo
994 1194 1091 1222 non
1125 1191 1234 1222 sunt
1264 1196 1381 1224 vera.
1448 1184 1501 1225 Id
1534 1185 1657 1227 enim
1686 1187 1836 1228 solum
1858 1201 1932 1230 ve·

405 1276 508 1304 rum
544 1271 626 1311 est,
663 1261 787 1317 quod
819 1259 917 1303 iure
949 1260 1233 1303 existimatur
1264 1263 1487 1318 pertinere
1520 1266 1577 1307 ad
1598 1267 1782 1323 aliquid,
1813 1271 1933 1323 (obie-

408 1353 512 1389 ctum
548 1342 787 1394 dicamus,)
820 1342 875 1384 ab
908 1342 1002 1397 ipsa
1026 1342 1302 1399 cogitatione
1333 1345 1407 1384 vel
1436 1346 1721 1402 perceptione
1754 1348 1817 1400 (h.
1852 1362 1887 1390 e.
1907 1362 1932 1390 a

409 1422 643 1482 cogitandi
682 1421 1019 1478 percipiendive
1049 1424 1160 1476 actu)
1204 1424 1448 1476 diversum,
1491 1440 1686 1482 cumque
1729 1442 1782 1470 eo
1824 1444 1932 1472 con-

410 1519 582 1564 gruere.
671 1503 940 1545 Cuiusmodi
989 1518 1151 1545 verum
1205 1505 1284 1560 qui
1338 1519 1385 1546 se
1428 1515 1578 1547 tenere
1623 1507 1836 1560 confidit,
1880 1510 1930 1551 in

409 1584 780 1644 philosophando
814 1581 1112 1642 δογματιζεω
1146 1584 1225 1642 qui
1258 1596 1334 1627 aut
1378 1586 1582 1642 desperat
1626 1588 1681 1629 de
1722 1604 1798 1641 eo,
1852 1601 1932 1632 aut

413 1667 594 1709 dubitat
627 1665 739 1721 quin
761 1665 905 1704 teneri
938 1664 993 1704 ab
1027 1666 1213 1705 homine
1244 1666 1413 1721 possit,
1455 1667 1707 1721 probabilia
1750 1679 1930 1713 tantum

414 1758 594 1793 secutus
635 1760 685 1787 ac
738 1744 1069 1801 cogitationum
1121 1747 1460 1797 necessitatem,
1519 1748 1605 1789 etsi
1646 1761 1930 1806 συγκατατι-

414 1830 573 1880 Seraz,
617 1836 768 1869 tamen
801 1824 922 1865 idem
956 1838 1110 1881 επεχει
1134 1827 1176 1877 r).

1685 1912 1933 1930 *-

465 1946 505 1991 Ρ)
532 1944 639 1979 And,
669 1943 730 1978 IV,
758 1952 787 1975 c.
809 1953 846 1987 9.
877 1950 967 1975 extr.
1200 1938 1368 1987 (obiectio
1398 1940 1468 1973 und
1496 1943 1676 1985 eigonelich
1702 1947 1816 1985 wahr,
1848 1952 1930 1990 real,

465 1997 507 2045 q)
542 1994 696 2030 Facilius
723 1992 910 2027 vernacula
946 1992 1065 2040 lingna
1094 1993 1146 2026 di·
1197 1992 1387 2039 gegria'ndqt
1414 1993 1505 2025 nicht
1533 1995 1578 2025 im
1605 1995 1722 2031 blo-5⁶1²
1753 2000 1855 2046 lob.)

414 2048 566 2095 ,tinguit
592 2048 685 2079 inter
711 2045 806 2078 wabr
840 2055 874 2078 et
897 2045 1068 2086 wir-Idm»,
1104 2044 1147 2076 il·
1250 2047 1289 2087 r)
1316 2046 1370 2076 En
1401 2042 1518 2077 locum
1548 2047 1667 2089 Sexti,
1695 2051 1731 2082 P.
1751 2052 1795 2084 Η.
1819 2054 1856 2089 1,
1885 2064 1927 2094 7:

412 2100 474 2133 lud
487 2098 759 2147 cogiutionum·
777 2096 845 2129 hoc
858 2107 1023 2130 „ongum”
1041 2107 1145 2140 „tque
1197 2098 1284 2137 πλην
1311 2093 1386 2127 αλλ’
1410 2108 1434 2127 ει
1464 2096 1479 2128 ὅ
1499 2098 1709 2140 δογματιζων
1736 2106 1850 2143 τιθησι
1888 2106 1932 2142 ὡς

413 2163 529 2186 nrum
579 2149 788 2183 attributum
830 2148 1057 2182 constituens,
1093 2167 1146 2175 -
1199 2146 1357 2191 ὕπαρχον
1391 2160 1491 2180 τουτο
1523 2149 1537 2181 ὁ
1575 2151 1790 2195 ὁογματιζει,
1846 2156 1862 2188 ὅ
1895 2157 1929 2189 δι

417 2203 654 2249 Cogitationes
687 2200 754 2232 rite
781 2198 911 2233 effictae
944 2209 1048 2243 atque
1075 2200 1143 2232 fot·
1198 2210 1375 2234 σκεπτικος
1389 2203 1570 2238 ταςφωνας
1583 2216 1688 2235 «που
1713 2209 1931 2249 '‘?00⁵?⁶'¹'“¹·

418 2264 539 2291 matie,
564 2250 715 2299 (logisch
735 2252 805 2285 und
816 2248 1144 2294 subjectiv·wahro‚)
1198 2250 1239 2287 ὥς
1265 2251 1400 2292 ὃυναμει
1429 2248 1626 2290 ὐφ’ὲαυτων
1644 2260 1928 2299 περι-γραφεσθαι·

415 2316 496 2345 eum
524 2304 565 2335 aa
592 2302 727 2346 aliquid
766 2315 783 2334 a
817 2302 855 2334 vi
888 2302 1064 2345 cogitante
1095 2301 1147 2333 di·
1200 2314 1261 2332 ουκ
1288 2315 1326 2333 αν
1346 2315 1378 2349 ει(
1407 2314 1448 2342 τῃ
1472 2308 1628 2352 προφοςςι
1652 2319 1781 2340 τουτων
1800 2308 1927 2354 δογμα.

414 2365 558 2389 versum
590 2354 804 2390 referuntur,
838 2352 1004 2387 dicuntur
1037 2352 1146 2386 reales
1198 2351 1299 2394 τιζειν
1326 2355 1479 2399 λεχθειη.

415 2420 478 2442 eeu
505 2417 604 2440 verae
645 2415 746 2436 sensu
772 2405 914 2448 proptio
942 2416 984 2437 ac
1012 2405 1146 2439 stricto,
