2272 3025
1179 321 1213 376 5

438 429 586 476 verbis
606 440 752 488 neque
768 428 1002 487 cogitandi
1024 427 1200 469 ratione
1222 422 1526 469 accesseruniz
1558 438 1640 484 age
1660 433 1766 468 ante
1786 424 1955 477 omnia,

437 521 537 572 quot
563 516 644 556 sint
659 526 806 571 genera
821 510 1115 566 philosophiae,
1149 521 1433 566 quaeramus.
1509 511 1605 566 Qua
1635 509 1685 550 in
1717 522 1765 551 re
1798 508 1952 564 plures

435 594 605 636 adsunt
635 600 840 632 auctores
875 603 974 631 non
1017 590 1222 631 eamdem
1253 588 1524 631 sententiam
1557 590 1765 645 amplexi.
1838 588 1954 630 Dio-

433 683 571 732 genes
580 672 708 713 enim
728 670 934 713 Lae'rtius
956 672 997 723 d)
1028 671 1255 727 duplicem
1281 685 1378 713 esse
1396 670 1457 712 ait
1477 670 1833 727 philosophandi
1853 683 1952 711 mo-

434 754 572 806 dum,
607 753 888 813 Dogmaticum
920 752 1134 805 alterum,
1167 753 1359 795 alterum
1387 735 1661 810 Ephecticum;
1705 765 1841 808 quam
1876 749 1944 792 di-

431 833 658 878 visionem
703 833 744 876 ei
780 848 891 890 ¹prae
922 833 1109 892 reliquis
1140 833 1347 892 probari,
1382 848 1438 876 ex
1468 832 1524 875 iis
1554 846 1667 890 quae
1697 842 1952 890 sequuntur

433 925 629 973 apparet.
692 919 807 958 cum
841 915 962 958 enim
995 916 1073 957 alii
1104 902 1160 957 ab
1202 916 1373 973 oppido
1405 915 1563 958 aliisve
1591 913 1733 967 locis,
1773 914 1822 956 in
1855 914 1953 970 qui—

432 997 520 1039 bus
560 995 1014 1053 philosopharentur,
1055 996 1132 1038 alii
1163 999 1195 1039 a'
1229 996 1364 1040 rebus
1405 995 1634 1048 fortuitis,
1662 999 1787 1050 (απο
1836 1007 1953 1050 συμ-

434 1082 727 1133 πτωματων)
759 1087 812 1118 ut
827 1077 1122 1132 Peripatetici,
1154 1077 1232 1118 alii
1245 1078 1309 1119 ‘ab
1330 1092 1399 1130 eo,
1431 1078 1488 1119 ad
1520 1078 1642 1134 quod
1662 1076 1953 1119 efficiendum

432 1158 772 1216 philosophiam
809 1171 943 1199 suam*
970 1158 1304 1214 disposuerint,
1337 1163 1452 1212 (απο
1476 1158 1749 1213 §cassae-mv)
1782 1168 1833 1200 ut
1862 1161 1953 1200 Eu-

433 1240 690 1287 daemonici
728 1239 1015 1296 philosophi,
1069 1240 1146 1280 alii
1174 1255 1330 1283 rursus
1374 1240 1558 1282 aliunde
1597 1254 1770 1282 nomen
1815 1239 1953 1294 parti·

434 1321 698 1377 tionemque
721 1319 955 1362 duxerint:
990 1319 1116 1363 illius
1152 1321 1393 1365 divisionis
1414 1320 1782 1373 fundamentum,
1815 1320 1950 1362 altius

436 1416 492 1445 ex
511 1403 613 1458 ipso
630 1401 1052 1457 philosophantium
1082 1402 1235 1444 animo
1267 1402 1486 1458 petitum,
1519 1403 1685 1446 relictis
1718 1402 1767 1443 in
1797 1400 1948 1442 medio

434 1482 492 1525 iis
522 1497 634 1538 quae
672 1482 726 1524 ab
768 1492 956 1539 utraque
993 1493 1120 1538 parte
1160 1484 1408 1525 constituta
1441 1493 1486 1524 et
1515 1482 1729 1525 affirmata
1762 1481 1949 1531 fuerint,

433 1563 490 1605 ad
521 1563 569 1604 id
601 1563 752 1604 solum
785 1574 978 1619 spectat,
1012 1582 1090 1623 qua
1100 1567 1361 1621 persuasione
1381 1567 1425 1606 de
1447 1581 1576 1608 rerum
1601 1581 1681 1608 cum
1702 1565 1949 1624 cogitationi·

438 1649 509 1689 bur
538 1647 687 1688 nostris
715 1660 817 1686 nexu
845 1647 960 1687 innisi
979 1644 1035 1684 ad
1076 1645 1495 1699 philosophandum
1529 1651 1623 1687 sese
1656 1644 1947 1695 accinxerint,

436 1726 578 1783 inque
621 1724 989 1780 philosophando
1031 1726 1371 1780 perseverarint.
1411 1730 1457 1778 θ)
1493 1736 1497 1740 “
1545 1725 1949 1783 ltaqueLaertius

491 1893 534 1940 d)
565 1893 621 1927 De
643 1890 728 1924 vitis
755 1889 928 1923 clarorum
965 1889 1097 1935 philos.
1130 1890 1169 1923 in
1222 1891 1290 1924 tice
1308 1892 1350 1924 de
1367 1891 1589 1936 philosophia
1608 1894 1830 1926 statuendum
1857 1904 1947 1925 eom-

435 1944 630 1990 prooemio.
1219 1943 1396 1987 positum:
1432 1942 1490 1974 hic
1523 1953 1636 1975 tamen
1667 1945 1804 1976 animus
1832 1953 1946 1976 noster

489 2003 523 2039 o)
553 1994 655 2027 Plura
682 1993 723 2025 do
740 1992 795 2026 his
821 1992 931 2037 capite
951 1993 1064 2030 tertio.
1092 1993 1167 2026 No·
1220 1993 1411 2038 proforma
1438 1993 1554 2038 aliqua
1576 1995 1693 2027 haberi
1718 1994 1848 2038 nequit.
1877 2006 1945 2037 qua

438 2047 582 2078 tandum
610 2056 744 2079 tamen,
774 2044 984 2077 divisionem
1011 2043 1166 2088 philoao-
1218 2044 1310 2077 nihil
1338 2056 1552 2089 esse-posset
1577 2047 1730 2080 inanius.
1787 2045 1945 2078 Omnino

438 2097 541 2142 phine
570 2098 607 2145 in
633 2094 867 2140 dogmaticam
901 2104 1008 2137 atque
1036 2093 1161 2137 scepti—
1216 2105 1330 2127 autom
1364 2096 1510 2128 formam
1537 2110 1554 2128 a
1583 2097 1724 2128 materie
1751 2097 1945 2142 cogitando

440 2159 512 2181 cam
546 2159 589 2179 ex
620 2155 735 2178 nostra
766 2145 931 2177 sententia
959 2156 1029 2177 non
1064 2156 1163 2189 posse
1215 2155 1402 2191 separatam
1431 2158 1597 2192 negamus
1627 2148 1817 2192 quidquam
1841 2147 1945 2180 reali·

440 2201 510 2232 diei
528 2199 719 2241 formalem.
769 2197 879 2229 Cuius
899 2196 1164 2229 fundamentum
1215 2199 1296 2240 tatis
1319 2198 1443 2231 habere
1464 2198 1521 2230 vel
1540 2199 1624 2234 voti„
1634 2200 1826 2243 quidquam
1846 2212 1891 2231 ex
1907 2212 1944 2231 ea

440 2252 504 2284 etsi
522 2263 564 2283 ex
590 2251 729 2281 maceria
753 2247 1021 2292 philosophiae,
1044 2247 1106 2295 (h.
1129 2260 1160 2282 o.
1217 2248 1298 2281 elici
1331 2261 1442 2294 posse.
1506 2251 1560 2282 De
1595 2262 1661 2295 qua
1698 2262 1734 2282 re
1766 2251 1945 2294 copiosius

439 2315 484 2336 ex
499 2303 586 2348 ipsis
604 2303 678 2335 eius
703 2300 887 2342 decretis),
915 2310 986 2331 non
1011 2309 1061 2333 est
1078 2300 1165 2343 peti·
1217 2301 1351 2347 egimus
1370 2302 1407 2334 in
1426 2300 1565 2334 libello:
1604 2302 1741 2337 VVinko
1768 2303 1847 2334 iiber
1872 2304 1946 2335 eine

437 2363 512 2387 tum
528 2378 536 2390 ‚
559 2355 616 2387 sed
636 2355 678 2387 ad
700 2352 853 2384 animum
883 2350 1164 2396 philosophantis
1216 2353 1379 2387 durchaus
1392 2353 1584 2399 praktischo
1606 2355 1838 2400 Philosophia.

435 2407 595 2451 pertinet,
622 2406 666 2438 ad
681 2403 738 2437 vel
754 2403 948 2451 dogmatico
965 2403 1025 2437 vel
1041 2403 1164 2449 ephee·
