2272 3025
1062 354 1095 363 ·
1149 331 1231 393 ,54

448 442 584 499 genes
614 431 819 480 Laertius
851 435 1043 487 mavult,
1078 431 1104 477 ὁ
1137 433 1181 477 δι’
1205 433 1426 488 αλληλων
1444 450 1457 483 3
1491 434 1561 477 cui
1595 445 1695 479 tum
1725 442 1852 486 locus
1872 454 1952 498 est,

333 515 340 526 '
392 503 394 508 ’
449 524 550 563 eum
583 516 746 573 aliquis
780 515 938 558 circuli
971 516 1215 571 Sophistici
1255 517 1329 558 vel
1370 515 1599 572 petitionis
1641 519 1854 575 principii
1887 525 1955 566 vi-

444 598 564 641 tium
595 596 839 643 commisit.
902 596 993 640 Ubi
1024 597 1145 639 enim
1168 597 1216 639 id
1247 598 1398 653 ipsum
1429 612 1512 653 pro
1536 612 1665 641 causa
1699 600 1953 646 adhibitum

447 678 775 734 intelligimus,
828 677 901 718 cui
930 678 1020 718 iam
1055 681 1187 718 c'ausa
1231 678 1550 735 quaerebatur,
1598 693 1744 736 neque
1784 695 1955 736 causae,

443 747 592 813 neque
615 748 667 798 'ei'
697 758 762 798 rei
795 758 923 798 cuius
957 758 1036 812 illa
1072 772 1202 799 causa
1222 759 1481 800 constituta
1513 758 1674 811 fuerat,
1709 763 1954 817 poterimus

446 821 671 889 assentirL
707 834 787 880 s'ed
817 830 869 879 in
902 842 1106 881 dubitandi
1137 838 1379 894 (siquidem
1410 849 1629 890 neutrum,
1657 840 1861 881 absolute
1883 856 1958 882 ve·

447 907 681 961 rum'esse
723 927 874 975 potest
899 911 1156 959 -secundum
1189 931 1214 960 2
1249 927 1293 958 et
1326 921 1385 968 3.)
1426 913 1725 962 vibissitudinem
1758 934 1957 962 necessa-

445 999 515 1039 rio
547 999 806 1039 incidimus.
929 990 931 992 ’
992 990 995 1000 ²

569 1084 637 1121 Ita
671 1080 779 1123 satis
810 1074 992 1121 ¹videtur
1023 1093 1117 1122 esse
1149 1079 1461 1135 perspicuum,
1507 1095 1586 1135 per
1617 1082 1816 1138 quinque
1848 1096 1955 1146 τρο-

447 1168 590 1213 vous,
635 1164 750 1217 quos
784 1160 1013 1218 Diogenes
1047 1161 1111 1202 ait
1150 1160 1205 1202 ab
1240 1161 1434 1217 Agrippa
1476 1159 1616 1203 fuisse
1646 1163 1874 1216 invectos,
1904 1157 1957 1206 'si

446 1242 651 1296 primum
678 1233 903 1297 excipias,
946 1256 1051 1282 eum
1086 1232 1327 1282 dubitandi
1369 1236 1557 1283 'modum
1597 1242 1835 1295 illustrari,
1870 1244 1959 1301 qui

447 1321 585 1364 nobis
618 1322 744 1365 visus
779 1331 848 1365 est'
880 1323 1080 1364 alterum
1103 1326 1634 1380 Scepseos-gradum-'non
1669 1324 1957 1366 incommode

447 1403 740 1444 constituere.
792 1393 962 1457 ¹Neque
994 1402 1084 1442 iam
1119 1415 1234 1455 opus
1265 1411 1341 1449 est,
1376 1411 1427 1441 ut
1457 1401 1585 1457 longi
1609 1402 1752 1443 simus
1773 1401 1823 1441 in
1847 1402 1959 1443 duo-

443 1482 531 1524 bus
562 1483 654 1525 illis
687 1493 920 1523 assensum
953 1481 1180 1522 retinendi
1214 1480 1385 1530 modis,
1431 1495 1545 1535 quos
1578 1481 1739 1522 deinde
1770 1495 1862 1537 cap.
1890 1484 1956 1525 16.

448 1567 607 1607 Sextus
640 1572 889 1604 enumerat.
963 1560 1196 1617 Quidquid
1230 1561 1350 1601 enim
1395 1552 1821 1616 comprehendatur,
1865 1573 1956 1613 aut,

446 1642 536 1692 ait,
571 1656 626 1683 ex
658 1633 852 1697 seipso,
887 1650 963 1681 aut
997 1654 1051 1680 ex
1083 1640 1172 1681 alio
1205 1641 1525 1695 comprehendi
1559 1641 1738 1697 debere3
1771 1652 1817 1683 at
1846 1656 1956 1684 neu-

443 1731 568 1764 trum
600 1722 698 1762 fieri
730 1735 878 1776 posse.
913 1725 969 1761 In
1001 1735 1091 1775 quo
1125 1719 1255 1761 facile
1288 1731 1410 1775 patet
1438 1723 1640 1777 quinque
1673 1724 1957 1777 superiorum

438 1785 702 1844 'modorum'
723 1802 886 1843 inesse·
902 1814 1126 1842 summam
1160 1809 1293 1853 atque
1325 1800 1658 1854 compendium.
1723 1806 1879 1858 Neque
1901 1807 1959 1847 ad

445 1882 496 1923 id
529 1878 847 1939 explicandum
882 1893 999 1936 opus
1032 1877 1128 1921 esse
1159 1888 1373 1935 putamus
1407 1879 1555 1934 primo
1587 1879 1670 1922 illo
1713 1899 1736 1924 a
1770 1887 1957 1928 dissiden-

435 1966 505 2006 ·tia
550 1962 687 2004 ducto
732 1962 894 2013 modo,
939 1961 1143 2018 quamvis
1186 1960 1234 2000 id
1277 1963 1434 2002 Sextus
1477 1959 1572 2014 ipse
1621 1961 1955 2018 significaverit,

436 2054 580 2099 quem
615 2036 795 2085 secutus
830 2052 896 2085 est
930 2043 1027 2084 Alb.
1064 2041 1291 2083 Fabricius
1322 2041 1369 2081 in
1404 2044 1582 2094 notae),
1620 2042 1697 2082 sed
1731 2046 1953 2087 secundus

445 2137 523 2177 της
567 2116 622 2175 ειζ
667 2139 855 2186 ᾳπειρον
890 2124 1223 2174 εκπτωσεωςῖ)
1267 2121 1430 2164 modus
1461 2120 1652 2169 omnino
1684 2121 1872 2173 sufficit3
1901 2135 1955 2166 ut

618 2199 626 2217 Χ

498 2329 535 2374 ο)
555 2329 629 2366 vid.
658 2326 791 2364 fabric.
823 2329 880 2363 ed.
915 2325 1017 2362 Sexti
1045 2340 1083 2372 p.
1103 2333 1169 2372 44.
1260 2325 1308 2369 f)
1346 2328 1382 2360 P.
1429 2329 1476 2363 H.
1508 2331 1536 2361 1.
1571 2340 1602 2363 c.
1636 2335 1696 2367 15.
1727 2330 1759 2369 §.
1794 2328 1877 2365 166.
1905 2352 1951 2365 —

446 2378 502 2411 lit.
530 2380 572 2414 R.
1222 2375 1266 2410 cf.
1294 2375 1412 2427 Scepb.
1450 2390 1526 2420 net,
1556 2380 1619 2420 65.
1651 2389 1733 2423 pag.
1761 2388 1842 2416 220.
