2272 3025
1040 283 1102 327 61

318 396 433 442 illud
466 413 507 441 re
538 409 632 440 vera
666 392 748 444 sit,
781 404 879 432 non
923 391 1040 432 clare
1082 400 1286 443 tantum,
1335 391 1413 433 sed
1453 404 1590 447 quam
1634 374 1827 435 masdme

320 490 436 523 certe
476 476 772 532 intelligatur.
847 475 970 527 Quae
1012 471 1198 528 quidem
1242 474 1394 514 omnia
1451 488 1475 514 a
1520 473 1828 530 Scepticorum

316 562 490 605 ratione
521 560 659 615 longe
694 552 925 597 recedunt.
991 552 1165 611 Quibus
1197 569 1339 610 quum
1371 553 1426 595 ab
1457 553 1592 596 initio
1617 555 1722 598 satis
1754 553 1828 597 fu-

314 645 424 687 isset
455 636 769 695 comparandis
810 632 985 690 sibique
1016 629 1067 676 ih
1108 635 1254 677 vicem
1297 635 1579 693 opponendis
1623 637 1828 692 philoso-

314 727 515 783 phorum
548 719 603 786 ‘³1⁰
633 731 784 759 rerum
818 714 965 758 causis
998 716 1318 771 opinionibus,
1352 722 1406 760 ad
1434 726 1579 761 certam
1620 736 1703 778 sese
1736 734 1829 776 per-

312 808 528 851 suasionem
565 801 775 858 pervenire
806 815 880 842 non
908 804 1051 854 posse,
1084 798 1356 847 declarasse;
1379 808 1498 841 'tum
1530 800 1703 842 exculta
1736 814 1829 841 ma-

311 888 381 948 gis
422 899 494 936 ea,
545 890 700 924 contra
755 895 891 938 quam
943 889 1268 936 pugnaverant,
1323 876 1641 935 philosophia,
1684 871 1828 936 quum

311 969 455 1012 multa
476 965 538 1006 ita
562 969 838 1009 constarent,
869 968 920 1000 ut
952 973 978 1000 a
1007 960 1192 1001 nemine
1212 973 1325 1002 sano
1360 974 1575 1015 umquam
1606 974 1829 1017 negaren-

315 1061 415 1100 tur,
448 1046 613 1089 frustra
657 1056 736 1100 per
779 1039 964 1098 aliquod
1006 1050 1185 1096 tempus
1226 1039 1510 1091 restiterunt,
1554 1045 1729 1084 universe
1764 1050 1828 1084 ta-

315 1147 396 1176 men
416 1130 511 1171 nihil
528 1129 602 1169 nisi
624 1135 761 1166 temere
783 1122 990 1178 affirmari,
1023 1122 1369 1173 contendentes;
1403 1122 1549 1162 donec
1567 1122 1618 1162 in
1641 1122 1688 1163 id
1713 1136 1825 1178 quo-

314 1225 402 1270 que
434 1205 677 1249 concedere
710 1201 873 1243 coactis
905 1201 1022 1243 nihil
1053 1212 1225 1256 praeter
1257 1193 1345 1242 hoc
1375 1200 1584 1242 relictum
1615 1200 1731 1252 fuit,
1776 1211 1830 1242 ut

312 1291 464 1349 posito
498 1301 576 1327 seu
609 1294 790 1337 accepto
823 1282 977 1335 potius
1012 1281 1274 1323 discrimine
1314 1280 1432 1322 inter
1471 1280 1519 1322 id
1562 1285 1667 1341 quod
1698 1298 1829 1326 verum

252 1401 258 1407 ,
315 1380 431 1421 esset,
463 1378 507 1409 et
539 1364 653 1406 illud
696 1366 739 1405 de
770 1377 844 1420 quo
880 1363 967 1420 quis
992 1377 1233 1419 persuasus,
1267 1360 1606 1417 persuasionem
1640 1362 1827 1420 quidem

311 1452 445 1498 facile
476 1445 663 1490 cuilibet
692 1444 850 1484 darent
880 1453 926 1483 et
956 1442 1167 1499 explicari
1197 1457 1354 1498 posse,
1399 1452 1443 1483 et
1484 1433 1679 1500 legibus*
1705 1444 1828 1502 cogi·

314 1532 441 1575 tandi
463 1526 831 1584 percipiendique
864 1524 1137 1585 experientia
1171 1524 1366 1581 cognitis
1399 1536 1515 1567 recte
1547 1525 1744 1576 muniri,
1784 1535 1832 1566 at

315 1614 412 1659 veri
442 1606 730 1652 inscientiam
763 1615 996 1647 aeternum
1031 1617 1184 1647 contra
1220 1620 1404 1648 omnem
1436 1606 1483 1647 in
1516 1606 1828 1648 demonstran-

318 1696 377 1738 do
447 1689 742 1734 temeritatem
804 1684 1077 1742 praesidium
1128 1685 1215 1727 sibi
1270 1686 1563 1728 vindicarent.
1651 1685 1829 1742 Quippe

319 1778 474 1834 nequit,
508 1771 659 1816 aiunt,
693 1769 818 1812 doceri
849 1783 930 1809 esse
951 1769 1098 1824 aliquid
1118 1776 1236 1809 extra
1268 1771 1456 1819 animum,
1509 1769 1615 1825 quod
1653 1782 1726 1823 per
1769 1782 1829 1809 co-

316 1855 524 1918 gnoscendi
551 1852 862 1907 percipiendique
895 1850 995 1907 leges
1017 1863 1105 1890 vere
1136 1851 1412 1905 exprimatur;
1459 1848 1508 1889 in
1553 1849 1681 1891 cuius
1726 1863 1829 1891 cum

318 1936 433 1982 ideis
467 1930 783 1976 convenientia
827 1943 930 1971 cum
977 1927 1126 1971 omnis
1167 1928 1446 1988 cognitionis
1477 1928 1653 1972 realitas
1698 1930 1828 1971 unice

318 2027 526 2060 cernatur
551 2019 590 2064 q)
625 2022 756 2054 utrum
784 2013 850 2052 illa
874 2020 914 2052 et
932 2021 1126 2067 quatenus
1160 2003 1278 2054 realis
1298 2017 1375 2061 sit,
1423 2016 1556 2069 nequit
1573 2014 1674 2053 sciri.

313 2106 566 2124 „-—......-.

371 2158 411 2203 q)
440 2154 621 2189 Nimirum
650 2149 717 2182 hoc
747 2157 947 2185 unumoest,
974 2159 1045 2193 quo
1100 2148 1288 2180 etiamnum
1315 2160 1332 2179 a
1370 2148 1543 2193 plerisque
1568 2160 1715 2192 eorum,
1768 2150 1832 2193 qui

321 2209 434 2243 vincit
464 2204 664 2248 Scepticus,
703 2210 742 2232 ut
768 2201 800 2232 ei
828 2200 1045 2236 concedatur.
1099 2211 1169 2231 non
1191 2209 1271 2232 nunt
1282 2200 1447 2243 Sceptici.
1471 2201 1635 2233 contendi
1650 2201 1829 2236 videmus.

323 2258 530 2305 cognitionis
551 2255 746 2288 realitatem
766 2264 832 2284 non
853 2252 918 2283 nin·
935 2252 1048 2295 cogni·
1100 2252 1145 2283 At
1179 2250 1298 2282 subeat
1327 2250 1395 2294 ipsi
1417 2252 1537 2283 Kantii
1564 2252 1742 2284 doctrinae
1762 2252 1828 2284 ali-

323 2318 364 2344 20
385 2313 461 2353 ipsa
477 2307 698 2352 cogitationis
715 2315 787 2336 cum
811 2303 944 2336 obiecto
971 2315 1046 2335 con·
1103 2302 1207 2346 quid,
1235 2313 1355 2346 parurn
1376 2301 1488 2334 adhuc
1507 2302 1750 2345 intellectum,
1784 2314 1827 2336 ex

321 2362 495 2396 „mimda
531 2369 603 2393 0550
638 2363 775 2395 cartam,
834 2355 949 2401 Atque
981 2353 1049 2388 hoe
1102 2365 1183 2400 quo,
1198 2355 1400 2399 cognitionis
1415 2354 1610 2391 natitatem
1637 2357 1711 2389 sino
1726 2355 1827 2402 komm'
