2272 3025
814 347 817 349 .
868 345 873 348 .
906 346 913 349 .
1056 341 1088 387 6
1244 352 1247 355 ,

311 447 585 516 Dogmaticos
602 451 851 510 appellatos
874 465 969 495 esse
991 451 1076 504 ait,
1109 453 1189 510 qui
1221 453 1275 495 de
1308 452 1440 496 rebus
1461 462 1696 511 tamquam
1717 473 1838 504 com.

316 534 700 596 prehensibilibus
719 534 1133 592 pronuntiaverint,
1159 535 1248 578 hoc
1268 547 1352 589 est,
1386 536 1549 595 quibus
1574 550 1839 594 persuasum

314 617 472 669 fuerit,
503 611 681 669 rerum,
714 617 772 659 ad
804 630 913 674 quas
946 617 1259 673 perceptiones
1290 618 1591 675 pertinerent,
1622 627 1838 660 naturam

317 697 572 762 quaerendo
616 707 661 739 et
702 697 947 755 cogitando
999 697 1149 754 detegi
1195 713 1352 754 posse3
1396 703 1628 757 Ephecticos
1671 710 1837 752 autem,

313 784 391 843 qui
409 781 652 825 decernere
684 778 936 835 quidquam
971 777 1026 819 de
1058 792 1126 829 eo,
1160 780 1284 834 quod
1318 795 1386 822 res
1420 785 1524 823 vere
1558 780 1665 832 sint,
1703 794 1837 837 prop-

312 877 458 915 terea,
510 860 635 918 quod
678 858 1005 916 comprehendi
1059 874 1109 901 ac
1169 862 1393 915 penetrari
1445 861 1687 918 cogitando
1740 876 1838 904 non

312 962 450 1005 posse
491 943 754 992 videantur,
807 955 904 983 non
945 939 1082 982 fuerit
1121 940 1229 982 ausi.
1316 944 1413 982 Hos
1456 950 1609 981 autem
1639 942 1836 983 ¹eosdem

314 1043 431 1079 esse,
475 1037 589 1081 quos
619 1021 711 1063 iam
759 1019 984 1075 scepticos
1025 1019 1172 1075 placet
1211 1022 1463 1076 appellare,
1508 1031 1602 1062 tam
1638 1035 1694 1063 ex
1734 1022 1834 1078 ipsa

312 1121 495 1157 eorum,
539 1102 696 1161 quales
749 1098 947 1151 fuerint,
991 1100 1322 1156 descriptione,
1354 1116 1491 1158 quam
1525 1117 1580 1143 ex
1611 1102 1834 1160 Diogenis

308 1190 545 1248 Pyrrhone
567 1193 717 1241 patet,
747 1181 829 1224 ubi
867 1190 1112 1239 utrumque
1153 1181 1247 1225 illis
1283 1197 1456 1226 nomen
1494 1182 1697 1226 inditum
1738 1190 1834 1227 esse

306 1272 476 1332 legitur
498 1266 549 1322 f).

426 1428 549 1472 Huic
579 1428 672 1469 iam
711 1424 948 1482 partitioni
979 1440 1166 1481 prorsus
1199 1424 1481 1468 contrarium
1512 1438 1610 1468 esse
1639 1426 1831 1479 videtur,

308 1511 434 1571 quod
464 1513 625 1553 Sextus
658 1508 721 1550 ait
752 1507 902 1564 primo
935 1508 1305 1563 Hypotyposeon
1340 1519 1523 1548 suarum
1560 1506 1716 1563 capite,
1750 1507 1830 1548 ubi

310 1592 491 1638 duobus
520 1589 621 1632 istis
664 1586 979 1645 philosophiae
1008 1588 1247 1642 generibus
1289 1588 1475 1628 tertium
1513 1588 1659 1639 addit,
1705 1588 1829 1644 quod

304 1676 532 1720 Academici
560 1670 703 1712 secuti
735 1668 927 1709 fuerant.
971 1668 1242 1723 Quicunque
1273 1667 1397 1709 enim
1431 1666 1480 1709 in
1502 1682 1598 1710 rem
1627 1667 1827 1726 aliquam

302 1754 561 1812 inquirant,
594 1762 671 1789 eos
702 1746 769 1788 nit
797 1758 876 1789 aut
906 1747 1177 1790 inventuros
1211 1761 1304 1788 esse
1335 1748 1390 1788 de
1423 1762 1514 1802 quo
1547 1758 1716 1804 agatur,
1750 1759 1828 1790 aut

302 1845 548 1894 negaturos
576 1842 712 1886 posse
744 1826 891 1885 detegi
912 1840 962 1868 ac
983 1826 1196 1878 inveniri,
1231 1837 1323 1879 aut,
1348 1826 1387 1868 si
1410 1827 1465 1867 ad
1488 1838 1662 1870 certum
1683 1843 1827 1886 usque

300 1927 481 1972 tempus
491 1927 587 1955 non
609 1908 884 1958 invenerint,
905 1908 1114 1962 protinus
1127 1909 1489 1966 investigaturos.
1521 1913 1679 1966 Neque
1691 1910 1825 1954 aliam

304 2013 397 2042 esse
419 1996 642 2038 rationem
666 1982 1108 2047 philosophantium.
1173 1991 1298 2033 Alios
1330 1990 1453 2035 enim
1482 1990 1729 2044 adfirmare,
1763 2002 1825 2045 se,

380 2147 391 2155 ,
396 2143 550 2155 ,,,-.--
554 2138 1824 2150 ———-.—-—--—-—-——.—.—..-.-———

353 2245 396 2289 f)
432 2244 486 2278 Cf,
518 2250 654 2287 praeter
696 2239 813 2272 locum
860 2237 1037 2282 Diogenis
1090 2241 1138 2269 ,9ο
1155 2248 1219 2274 υς.
1254 2237 1293 2270 h.
1319 2249 1351 2271 e.
1379 2237 1421 2270 ab
1446 2250 1481 2271 ea
1505 2239 1614 2271 animi
1639 2239 1824 2272 affectione

305 2309 408 2342 supra
453 2294 633 2327 laudatum
686 2288 749 2325 lib.
787 2290 851 2323 IX.
901 2288 964 2321 ubi
1000 2288 1038 2318 in
1093 2295 1293 2321 constante.
1329 2290 1413 2332 (von
1440 2291 1499 2321 der
1523 2291 1821 2335 philosophischen

301 2347 492 2392 Pyrrhonis
543 2343 615 2375 viu
643 2343 738 2386 ‘capss
776 2347 810 2378 8.
864 2340 950 2372 haee
981 2338 1041 2369 ha·
1090 2338 1235 2371 Ansicht
1263 2337 1329 2376 ¹der·
1356 2337 1517 2383 δας-ἦρ’)
1553 2340 1594 2372 ad
1628 2351 1732 2384 quam
1761 2351 1821 2385 per

301 2400 382 2434 bet:
437 2400 609 2436 εφεκτικοι
642 2405 699 2433 μεν
731 2402 1039 2435 προσαγορευσνται
1093 2388 1208 2432 ipsum
1244 2390 1369 2424 mentis
1402 2391 1643 2439 cognoscentia
1675 2403 1818 2425 examen

304 2465 384 2484 ατο
414 2461 490 2482 του
518 2457 631 2487 μετα
660 2456 735 2483 την
764 2442 947 2483 ζητησιν
970 2454 1040 2472 πα·
1092 2439 1305 2486 pervenitur.
