2272 3025
734 333 1070 379 -—-·-23

279 452 377 493 tur,
410 422 638 498 prolatum
670 449 766 479 esse
797 435 1074 490 accepimus,
1119 431 1248 473 valde
1294 430 1509 474 infirmis
1532 415 1585 473 id>
1631 416 1788 486 ipsum

281 517 560 578 argumentis
593 515 837 557 nitebatur.
905 513 1026 571 Quid
1067 511 1192 554 enim
1231 512 1485 555 habuerunt
1523 510 1788 570 physiologi

275 601 369 653 illi,
421 614 512 657 quo
543 598 617 641 vel
648 609 837 653 aquam,
888 595 963 638 vel
992 594 1163 646 aerem,
1215 594 1291 636 vel
1321 594 1475 651 ignem
1507 608 1654 634 rerum
1686 606 1786 634 om-

273 681 406 723 nium
437 677 717 734 principium
758 676 989 719 continere
1027 673 1348 719 ostenderent?
1410 675 1585 717 Scilicet
1626 674 1786 716 huius-

274 758 452 803 cemodi
472 759 678 802 materies
711 756 1078 817 frequentissima
1111 757 1244 800 rebus
1275 757 1442 810 inesse,
1475 771 1545 800 eas
1568 755 1781 813 inprimis

274 855 571 898 componere,
611 841 762 899 iisque
793 839 954 883 solutis
994 840 1193 898 relinqui
1231 839 1494 889 videbatur;
1536 852 1648 895 quae
1688 837 1786 879 nisi

274 924 418 968 oculis
453 924 623 982 percipi
666 934 711 966 et
752 922 991 980 palpabilia
1022 922 1188 965 <omnia
1222 933 1316 965 esse
1352 909 1616 979 putassent,
1667 918 1786 961 nihil

272 1005 501 1063 profecto,
544 1020 636 1064 quo
677 1020 724 1048 se
762 1006 1019 1058 munirent,
1060 1003 1334 1046 habuissent.
1429 1007 1587 1061 Neque
1619 1000 1785 1044 rectius

273 1088 334 1139 ii,
377 1088 456 1144 qui
501 1085 737 1129 infinitum
780 1083 981 1143 aliquod
1019 1086 1226 1147 (απειρον
1269 1085 1501 1138 dicebant,
1563 1082 1784 1142 quoniam

274 1167 482 1210 sensibus
515 1181 741 1224 nusquam
771 1170 986 1222 pateret,)
1019 1180 1098 1223 per
1130 1167 1284 1208 omnia
1316 1166 1457 1224 pandi
1488 1165 1781 1208 affirmarunt.

275 1249 396 1306 Quin
424 1264 516 1306 quo
547 1249 702 1291 minus
733 1248 782 1290 id
813 1261 1032 1290 sensuum
1064 1261 1151 1304 ope
1183 1247 1562 1306 cognoscebatur,
1609 1259 1662 1289 eo
1696 1247 1786 1287 lar-

272 1330 445 1389 giorem
479 1328 718 1372 dubitandi
751 1329 928 1386 copiam
961 1329 1033 1370 vel
1072 1322 1258 1386 propter
1296 1329 1422 1385 ipsos
1457 1342 1614 1371 sensus
1635 1361 1648 1381 ,
1711 1326 1785 1369 vel

270 1420 455 1467 propter
484 1408 735 1466 ancipitem
775 1425 921 1452 merae
973 1410 1261 1467 cogitationis
1303 1411 1615 1453 auctoritatem
1655 1423 1780 1465 prae-

271 1492 417 1533 bebat.
483 1493 524 1533 Ii
557 1488 773 1548 denique,
819 1492 897 1548 qui
937 1491 992 1533 ad
1036 1501 1236 1534 mentem
1278 1493 1432 1534 omnia
1471 1492 1784 1548 permeantem¹

272 1580 406 1627 atque
440 1572 693 1613 secundum
736 1572 942 1614 ordinem
987 1570 1267 1630 digerentem
1310 1573 1553 1630 cogitando
1592 1571 1794 1628 propius·

271 1662 572 1704 accesserant,
605 1666 708 1693 cum
741 1653 861 1693 haud
894 1652 1029 1693 dubie
1060 1667 1159 1693 non
1191 1653 1286 1695 vim
1314 1651 1646 1710 intelligentem
1677 1665 1776 1692 eam

270 1733 448 1775 diceren
480 1747 504 1774 a
548 1747 697 1774 rerum
737 1733 922 1774 materie
961 1733 1152 1776 omnino
1186 1744 1423 1787 secretam,
1458 1734 1537 1776 sed
1567 1741 1778 1775 naturam

269 1814 405 1857 rebus
443 1814 622 1855 occulte
650 1813 836 1855 insitam
870 1813 1202 1865 existimarent,
1236 1829 1417 1858 causam
1449 1815 1623 1858 ordinis
1644 1824 1778 1870 atque

269 1896 413 1940 vitae:
476 1910 556 1952 per
602 1896 719 1937 hanc
760 1897 908 1953 ipsam
951 1895 1117 1937 mentis
1159 1911 1265 1939 suae
1312 1897 1630 1940 obscuritatem
1671 1905 1715 1936 et
1752 1908 1777 1936 a

272 1979 404 2045 rebus
446 1978 763 2033 apparentibus
818 1979 1020 2035 clareque
1068 1979 1265 2036 cognitis
1309 1980 1613 2022 diversitatem
1655 1979 1773 2019 ultro

272 2058 400 2115 quasi
432 2054 681 2099 offerebant
711 2057 973 2100 adversariis
1005 2057 1305 2101 dissentiendi
1326 2074 1503 2102 causam
1526 2071 1632 2101 sane
1651 2055 1772 2098 haud

270 2152 581 2201 incongruam.
635 2142 710 2189 g)
778 2138 1096 2181 Prudentiores
1149 2150 1299 2181 autem
1351 2141 1578 2197 Scepticos
1629 2137 1774 2181 fuisse

766 2242 1263 2256 ——-.—-——-—.........
1270 2248 1366 2258 —-.
1373 2246 1779 2258 ——--—-———

294 2317 360 2356 'g)
395 2313 449 2345 De
480 2310 566 2357 ipsis
606 2310 814 2355 opinionum
853 2310 996 2344 illarum
1049 2312 1090 2344 ‹ls
1129 2313 1363 2356 Anaxagora,
1415 2312 1515 2346 cuius
1566 2312 1775 2346 sententiam

271 2363 469 2395 auctoribus
482 2384 492 2397 ,
520 2362 578 2394 eff.
598 2361 761 2393 historiae
777 2358 994 2406 philosophi·
1048 2373 1223 2409 postremo
1243 2363 1319 2407 loco
1336 2364 1606 2409 explicavimus.
1623 2366 1675 2399 sic
1692 2376 1773 2399 con·

273 2422 331 2446 cae
357 2414 552 2458 scriptores.
618 2413 839 2448 Nominatim
882 2422 998 2447 sutem
1051 2423 1118 2448 stat
1145 2426 1188 2449 ex
1221 2414 1292 2448 viri
1321 2415 1540 2455 doctissimi,
1571 2414 1706 2458 Carus,
1733 2416 1773 2447 de
