2272 3025
1055 334 1122 387 *49
1183 363 1187 365 -

322 454 486 489 ‚vetum
515 438 629 483 ultra
661 451 879 481 sensuum
908 436 1169 480 testimonia
1198 440 1424 495 positum,
1457 440 1843 498 acquiescendum

328 533 476 567 autem
497 521 557 582 [in
590 535 667 574 eo,
698 517 821 578 quod
852 533 1039 583 εναργες
1072 520 1384 578 appellabant;
1417 523 1534 566 nihil
1564 525 1686 570 enim
1708 542 1842 593 εναρ-

326 620 439 665 γειᾳ,
475 620 555 648 seu
576 602 799 651 evidentia
818 606 916 657 (per
937 605 1110 657 sensus)
1129 602 1227 660 ipsa
1250 603 1411 647 clarius
1442 607 1533 649 illis
1560 609 1704 651 videri
1734 621 1840 667 pot·

323 698 429 739 erat,
462 695 652 731 utrecte
685 684 918 724 Lucullus.
939 685 974 738 l)

444 766 528 810 Sed
559 763 846 821 propositum
876 762 966 805 fuit
999 764 1247 818 ostendere,
1280 782 1379 810 eam
1403 783 1498 812 esse
1521 773 1733 829 Scepseos
1755 791 1838 820 na·

320 861 465 891 turam
480 880 491 901 ,
525 856 576 888 ut
598 846 653 888 ab
674 845 857 901 antiqua
878 845 1053 887 ratione
1072 846 1128 888 ad
1149 848 1280 899 hanc,
1314 850 1369 890 de
1398 867 1483 907 qua
1515 868 1639 905 nunc
1671 858 1834 913 agitur,

322 942 500 972 causam
533 940 610 982 της
643 941 822 983 εποχης.
846 927 1102 968 necessario
1136 930 1403 984 perveniret.
1469 933 1603 988 Quod
1641 949 1747 979 cum
1780 939 1837 980 de

319 1005 453 1055 sexto
484 1009 589 1063 satis
619 1008 824 1052 videatur
854 1019 1080 1061 constare,
1112 1024 1192 1067 age
1214 1010 1268 1052 de
1297 1011 1639 1067 recentioribus,
1672 1032 1729 1059 an
1757 1035 1836 1075 pa-

320 1108 389 1136 res
412 1092 462 1135 in
484 1107 531 1136 ea
553 1107 600 1134 re
621 1095 755 1137 Sexto
777 1090 961 1144 fuerint,
993 1091 1144 1149 paucis
1165 1092 1412 1139 videamus.
1477 1099 1532 1137 In
1553 1097 1719 1153 quibus
1746 1103 1832 1145 etsi

318 1176 435 1220 illud
454 1190 549 1217 non
573 1173 763 1230 probare
780 1187 876 1214 non
900 1188 1168 1230 possumus,
1201 1176 1325 1232 quod
1358 1176 1514 1218 nullus
1542 1176 1630 1220 fuit
1657 1185 1832 1240 (quan.

317 1268 417 1299 tum
436 1257 570 1297 nobis
599 1256 782 1311 quidem
802 1255 1055 1311 intelligere
1073 1256 1300 1311 contigit‚)
1323 1257 1403 1311 qui
1422 1261 1730 1313 quaerendum
1752 1279 1830 1306 ve-

316 1353 418 1379 rum
449 1337 522 1378 vel
552 1347 651 1379 tum
680 1349 775 1376 esse
804 1336 1118 1386 contenderet,
1152 1351 1257 1377 cum
1296 1347 1454 1379 natura
1478 1345 1558 1381 sua
1577 1340 1627 1382 in
1649 1341 1827 1388 obiecto

316 1420 546 1461 inaccesso
568 1427 612 1457 et
631 1416 964 1472 impenetrabili
984 1417 1121 1458 latere
1151 1417 1476 1473 perspexisset:
1510 1422 1642 1475 pauci
1672 1433 1825 1469 tamen

317 1496 457 1552 fuere,
489 1498 567 1556 qui
588 1512 767 1541 causam
786 1488 914 1540 suam‘
933 1497 1037 1541 satis
1060 1497 1174 1541 bene
1194 1509 1327 1555 atque
1349 1498 1411 1542 ita
1432 1506 1637 1558 agerent,
1670 1506 1739 1548 uti
1766 1508 1826 1551 *ab

317 1581 474 1624 aetatis
508 1579 767 1622 maturioris
798 1578 972 1622 ratione
1015 1589 1192 1636 poterat
1232 1581 1488 1637 exspectari.
1565 1583 1658 1627 Alii
1690 1588 1827 1645 enim,

313 1674 365 1705 ut
393 1664 627 1720 Montaigne
649 1665 731 1711 m),
777 1674 915 1700 sensu
936 1674 983 1699 se
1014 1661 1118 1701 duci
1148 1661 1269 1715 passi
1289 1673 1420 1714 sunt,
1464 1677 1568 1704 cum
1603 1670 1825 1724 explicare

312 1745 454 1786 istum
477 1756 661 1783 sensum
685 1750 731 1782 et
750 1739 1018 1782 notionibus
1042 1741 1173 1782 claris
1191 1750 1324 1797 atque
1345 1730 1573 1786 distinctis
1596 1746 1822 1791 illustrare

312 1824 586 1874 debuissent.
649 1820 753 1872 Alii,
786 1830 838 1862 ut
856 1823 894 1863 la
915 1822 1056 1864 Mothe
1079 1825 1133 1873 π),
1167 1822 1458 1880 ambiguitate
1478 1825 1713 1870 iudicandi
1742 1845 1822 1873 ne-

315 1907 407 1951 scio
428 1918 530 1963 qua,
569 1901 897 1960 philosophum
919 1912 1035 1944 certe
1052 1901 1240 1946 minime
1261 1903 1471 1960 decente,
1504 1910 1723 1963 contenti,
1755 1927 1826 1955 ao-

314 1989 594 2046 quiescentes
615 1984 665 2027 in
690 1997 823 2026 sensu
847 1983 1093 2034 communi,
1125 1984 1392 2029 cuiusratio
1414 1998 1458 2030 et
1479 2004 1640 2033 norma
1669 2006 1694 2034 a
1718 1993 1819 2048 phi-

311 2067 520 2122 losophia
533 2065 778 2120 expetenda
799 2074 905 2114 erat,
941 2064 1060 2107 Sexti
1079 2065 1158 2105 vix
1174 2066 1421 2123 attigerunt
1439 2083 1641 2112 acumen.
1670 2102 1673 2104 -
1705 2076 1818 2115 Rur-

308 2167 614 2201 ,;-..---.

362 2243 394 2291 ι)
423 2241 533 2276 Acad.
556 2240 618 2281 lv,
646 2250 677 2274 c.
696 2241 731 2274 6.
761 2241 797 2283 §-
813 2247 870 2279 17.
910 2238 1035 2271 Omni·
1088 2239 1331 2273 describendus
1348 2241 1446 2279 foret,
1474 2253 1526 2276 est
1543 2246 1637 2279 enim
1653 2257 1817 2283 constans

311 2306 358 2328 no
381 2292 540 2338 opposita
573 2290 641 2324 sibi
664 2300 760 2323 crant
785 2304 823 2323 το
853 2292 974 2332 αὸηλον
1001 2300 1036 2324 et
1087 2289 1147 2324 hic
1170 2291 1268 2324 illius
1293 2291 1478 2329 character.

312 2359 349 2378 το
372 2356 517 2389 εναρὙες.
917 2353 920 2355 ·
1102 2357 1105 2359 ’
1139 2343 1179 2390 η)
1204 2343 1285 2381 vid.
1305 2343 1377 2378 loci
1399 2357 1502 2391 nupta
1521 2345 1642 2384 adlati.

365 2396 413 2438 m)
440 2398 551 2429 :rome
579 2393 674 2445 ’liber
706 2395 852 2439 (Essau‘s
882 2394 924 2427 de
949 2395 1035 2438 Μ.)

1187 2469 1227 2509 G
